%YAML 1.1
%TAG !u! tag:unity3d.com,2011:
--- !u!29 &1
OcclusionCullingSettings:
  m_ObjectHideFlags: 0
  serializedVersion: 2
  m_OcclusionBakeSettings:
    smallestOccluder: 5
    smallestHole: 0.25
    backfaceThreshold: 100
  m_SceneGUID: 00000000000000000000000000000000
  m_OcclusionCullingData: {fileID: 0}
--- !u!104 &2
RenderSettings:
  m_ObjectHideFlags: 0
  serializedVersion: 9
  m_Fog: 0
  m_FogColor: {r: 0.5, g: 0.5, b: 0.5, a: 1}
  m_FogMode: 3
  m_FogDensity: 0.01
  m_LinearFogStart: 0
  m_LinearFogEnd: 300
  m_AmbientSkyColor: {r: 0.212, g: 0.227, b: 0.259, a: 1}
  m_AmbientEquatorColor: {r: 0.114, g: 0.125, b: 0.133, a: 1}
  m_AmbientGroundColor: {r: 0.047, g: 0.043, b: 0.035, a: 1}
  m_AmbientIntensity: 1
  m_AmbientMode: 0
  m_SubtractiveShadowColor: {r: 0.42, g: 0.478, b: 0.627, a: 1}
  m_SkyboxMaterial: {fileID: 10304, guid: 0000000000000000f000000000000000, type: 0}
  m_HaloStrength: 0.5
  m_FlareStrength: 1
  m_FlareFadeSpeed: 3
  m_HaloTexture: {fileID: 0}
  m_SpotCookie: {fileID: 10001, guid: 0000000000000000e000000000000000, type: 0}
  m_DefaultReflectionMode: 0
  m_DefaultReflectionResolution: 128
  m_ReflectionBounces: 1
  m_ReflectionIntensity: 1
  m_CustomReflection: {fileID: 0}
  m_Sun: {fileID: 0}
  m_IndirectSpecularColor: {r: 0, g: 0, b: 0, a: 1}
  m_UseRadianceAmbientProbe: 0
--- !u!157 &3
LightmapSettings:
  m_ObjectHideFlags: 0
  serializedVersion: 11
  m_GIWorkflowMode: 1
  m_GISettings:
    serializedVersion: 2
    m_BounceScale: 1
    m_IndirectOutputScale: 1
    m_AlbedoBoost: 1
    m_EnvironmentLightingMode: 0
    m_EnableBakedLightmaps: 1
    m_EnableRealtimeLightmaps: 0
  m_LightmapEditorSettings:
    serializedVersion: 12
    m_Resolution: 2
    m_BakeResolution: 40
    m_AtlasSize: 1024
    m_AO: 0
    m_AOMaxDistance: 1
    m_CompAOExponent: 1
    m_CompAOExponentDirect: 0
    m_ExtractAmbientOcclusion: 0
    m_Padding: 2
    m_LightmapParameters: {fileID: 0}
    m_LightmapsBakeMode: 1
    m_TextureCompression: 1
    m_FinalGather: 0
    m_FinalGatherFiltering: 1
    m_FinalGatherRayCount: 256
    m_ReflectionCompression: 2
    m_MixedBakeMode: 2
    m_BakeBackend: 1
    m_PVRSampling: 1
    m_PVRDirectSampleCount: 32
    m_PVRSampleCount: 512
    m_PVRBounces: 2
    m_PVREnvironmentSampleCount: 256
    m_PVREnvironmentReferencePointCount: 2048
    m_PVRFilteringMode: 1
    m_PVRDenoiserTypeDirect: 1
    m_PVRDenoiserTypeIndirect: 1
    m_PVRDenoiserTypeAO: 1
    m_PVRFilterTypeDirect: 0
    m_PVRFilterTypeIndirect: 0
    m_PVRFilterTypeAO: 0
    m_PVREnvironmentMIS: 1
    m_PVRCulling: 1
    m_PVRFilteringGaussRadiusDirect: 1
    m_PVRFilteringGaussRadiusIndirect: 5
    m_PVRFilteringGaussRadiusAO: 2
    m_PVRFilteringAtrousPositionSigmaDirect: 0.5
    m_PVRFilteringAtrousPositionSigmaIndirect: 2
    m_PVRFilteringAtrousPositionSigmaAO: 1
    m_ExportTrainingData: 0
    m_TrainingDataDestination: TrainingData
    m_LightProbeSampleCountMultiplier: 4
  m_LightingDataAsset: {fileID: 0}
  m_UseShadowmask: 1
--- !u!196 &4
NavMeshSettings:
  serializedVersion: 2
  m_ObjectHideFlags: 0
  m_BuildSettings:
    serializedVersion: 2
    agentTypeID: 0
    agentRadius: 0.5
    agentHeight: 2
    agentSlope: 45
    agentClimb: 0.4
    ledgeDropHeight: 0
    maxJumpAcrossDistance: 0
    minRegionArea: 2
    manualCellSize: 0
    cellSize: 0.16666667
    manualTileSize: 0
    tileSize: 256
    accuratePlacement: 0
    debug:
      m_Flags: 0
  m_NavMeshData: {fileID: 0}
--- !u!1 &190647268
GameObject:
  m_ObjectHideFlags: 0
  m_CorrespondingSourceObject: {fileID: 0}
  m_PrefabInstance: {fileID: 0}
  m_PrefabAsset: {fileID: 0}
  serializedVersion: 6
  m_Component:
  - component: {fileID: 190647269}
  - component: {fileID: 190647272}
  - component: {fileID: 190647271}
  - component: {fileID: 190647270}
  m_Layer: 0
  m_Name: 3
  m_TagString: Untagged
  m_Icon: {fileID: 0}
  m_NavMeshLayer: 0
  m_StaticEditorFlags: 0
  m_IsActive: 1
--- !u!4 &190647269
Transform:
  m_ObjectHideFlags: 0
  m_CorrespondingSourceObject: {fileID: 0}
  m_PrefabInstance: {fileID: 0}
  m_PrefabAsset: {fileID: 0}
  m_GameObject: {fileID: 190647268}
  m_LocalRotation: {x: 0, y: 0, z: 0, w: 1}
  m_LocalPosition: {x: 1.73, y: 0, z: 0}
  m_LocalScale: {x: 1, y: 1, z: 1}
  m_Children: []
  m_Father: {fileID: 1864830827}
  m_RootOrder: 2
  m_LocalEulerAnglesHint: {x: 0, y: 0, z: 0}
--- !u!145 &190647270
SpringJoint:
  m_ObjectHideFlags: 0
  m_CorrespondingSourceObject: {fileID: 0}
  m_PrefabInstance: {fileID: 0}
  m_PrefabAsset: {fileID: 0}
  m_GameObject: {fileID: 190647268}
  m_ConnectedBody: {fileID: 0}
  m_Anchor: {x: 0, y: 0, z: 0}
  m_AutoConfigureConnectedAnchor: 1
  m_ConnectedAnchor: {x: 1.6257523, y: 0.39, z: -0.05}
  serializedVersion: 2
  m_Spring: 10
  m_Damper: 0.2
  m_MinDistance: 0
  m_MaxDistance: 0
  m_Tolerance: 0.025
  m_BreakForce: Infinity
  m_BreakTorque: Infinity
  m_EnableCollision: 0
  m_EnablePreprocessing: 1
  m_MassScale: 1
  m_ConnectedMassScale: 1
--- !u!54 &190647271
Rigidbody:
  m_ObjectHideFlags: 0
  m_CorrespondingSourceObject: {fileID: 0}
  m_PrefabInstance: {fileID: 0}
  m_PrefabAsset: {fileID: 0}
  m_GameObject: {fileID: 190647268}
  serializedVersion: 2
  m_Mass: 1
  m_Drag: 0
  m_AngularDrag: 0.05
  m_UseGravity: 0
  m_IsKinematic: 0
  m_Interpolate: 0
  m_Constraints: 0
  m_CollisionDetection: 0
--- !u!114 &190647272
MonoBehaviour:
  m_ObjectHideFlags: 0
  m_CorrespondingSourceObject: {fileID: 0}
  m_PrefabInstance: {fileID: 0}
  m_PrefabAsset: {fileID: 0}
  m_GameObject: {fileID: 190647268}
  m_Enabled: 1
  m_EditorHideFlags: 0
  m_Script: {fileID: 11500000, guid: 4efb4faa31cad924994c5bc6ba7329d7, type: 3}
  m_Name: 
  m_EditorClassIdentifier: 
  showGizmo: 1
  gizmoSize: 0.2
  gizmoColor: {r: 1, g: 0, b: 0, a: 0.5}
--- !u!1001 &218000911
PrefabInstance:
  m_ObjectHideFlags: 0
  serializedVersion: 2
  m_Modification:
    m_TransformParent: {fileID: 0}
    m_Modifications:
    - target: {fileID: 6904600446497722495, guid: fcc6c891c9d064bb69e722158acbeb2e,
        type: 3}
      propertyPath: m_Name
      value: Bezier3PointLineRenderer
      objectReference: {fileID: 0}
    - target: {fileID: 6904600446497722434, guid: fcc6c891c9d064bb69e722158acbeb2e,
        type: 3}
      propertyPath: m_LocalPosition.x
      value: -0.01
      objectReference: {fileID: 0}
    - target: {fileID: 6904600446497722434, guid: fcc6c891c9d064bb69e722158acbeb2e,
        type: 3}
      propertyPath: m_LocalPosition.y
      value: 0.39
      objectReference: {fileID: 0}
    - target: {fileID: 6904600446497722434, guid: fcc6c891c9d064bb69e722158acbeb2e,
        type: 3}
      propertyPath: m_LocalPosition.z
      value: -0.05
      objectReference: {fileID: 0}
    - target: {fileID: 6904600446497722434, guid: fcc6c891c9d064bb69e722158acbeb2e,
        type: 3}
      propertyPath: m_LocalRotation.x
      value: 0
      objectReference: {fileID: 0}
    - target: {fileID: 6904600446497722434, guid: fcc6c891c9d064bb69e722158acbeb2e,
        type: 3}
      propertyPath: m_LocalRotation.y
      value: 0
      objectReference: {fileID: 0}
    - target: {fileID: 6904600446497722434, guid: fcc6c891c9d064bb69e722158acbeb2e,
        type: 3}
      propertyPath: m_LocalRotation.z
      value: 0
      objectReference: {fileID: 0}
    - target: {fileID: 6904600446497722434, guid: fcc6c891c9d064bb69e722158acbeb2e,
        type: 3}
      propertyPath: m_LocalRotation.w
      value: 1
      objectReference: {fileID: 0}
    - target: {fileID: 6904600446497722434, guid: fcc6c891c9d064bb69e722158acbeb2e,
        type: 3}
      propertyPath: m_RootOrder
      value: 6
      objectReference: {fileID: 0}
    - target: {fileID: 6904600446497722434, guid: fcc6c891c9d064bb69e722158acbeb2e,
        type: 3}
      propertyPath: m_LocalEulerAnglesHint.x
      value: 0
      objectReference: {fileID: 0}
    - target: {fileID: 6904600446497722434, guid: fcc6c891c9d064bb69e722158acbeb2e,
        type: 3}
      propertyPath: m_LocalEulerAnglesHint.y
      value: 0
      objectReference: {fileID: 0}
    - target: {fileID: 6904600446497722434, guid: fcc6c891c9d064bb69e722158acbeb2e,
        type: 3}
      propertyPath: m_LocalEulerAnglesHint.z
      value: 0
      objectReference: {fileID: 0}
    - target: {fileID: 6904600446497722433, guid: fcc6c891c9d064bb69e722158acbeb2e,
        type: 3}
      propertyPath: m_Positions.Array.size
      value: 15
      objectReference: {fileID: 0}
    - target: {fileID: 6904600446497722433, guid: fcc6c891c9d064bb69e722158acbeb2e,
        type: 3}
      propertyPath: m_Positions.Array.data[1].x
      value: -2.6362617
      objectReference: {fileID: 0}
    - target: {fileID: 6904600446497722433, guid: fcc6c891c9d064bb69e722158acbeb2e,
        type: 3}
      propertyPath: m_Positions.Array.data[1].y
      value: 0.39
      objectReference: {fileID: 0}
    - target: {fileID: 6904600446497722433, guid: fcc6c891c9d064bb69e722158acbeb2e,
        type: 3}
      propertyPath: m_Positions.Array.data[1].z
      value: -0.05
      objectReference: {fileID: 0}
    - target: {fileID: 6904600446497722433, guid: fcc6c891c9d064bb69e722158acbeb2e,
        type: 3}
      propertyPath: m_Positions.Array.data[2].x
      value: -2.313048
      objectReference: {fileID: 0}
    - target: {fileID: 6904600446497722433, guid: fcc6c891c9d064bb69e722158acbeb2e,
        type: 3}
      propertyPath: m_Positions.Array.data[2].y
      value: 0.39
      objectReference: {fileID: 0}
    - target: {fileID: 6904600446497722433, guid: fcc6c891c9d064bb69e722158acbeb2e,
        type: 3}
      propertyPath: m_Positions.Array.data[2].z
      value: -0.05
      objectReference: {fileID: 0}
    - target: {fileID: 6904600446497722433, guid: fcc6c891c9d064bb69e722158acbeb2e,
        type: 3}
      propertyPath: m_Positions.Array.data[3].x
      value: -1.9899716
      objectReference: {fileID: 0}
    - target: {fileID: 6904600446497722433, guid: fcc6c891c9d064bb69e722158acbeb2e,
        type: 3}
      propertyPath: m_Positions.Array.data[3].y
      value: 0.39
      objectReference: {fileID: 0}
    - target: {fileID: 6904600446497722433, guid: fcc6c891c9d064bb69e722158acbeb2e,
        type: 3}
      propertyPath: m_Positions.Array.data[3].z
      value: -0.05
      objectReference: {fileID: 0}
    - target: {fileID: 6904600446497722433, guid: fcc6c891c9d064bb69e722158acbeb2e,
        type: 3}
      propertyPath: m_Positions.Array.data[4].x
      value: -1.6666199
      objectReference: {fileID: 0}
    - target: {fileID: 6904600446497722433, guid: fcc6c891c9d064bb69e722158acbeb2e,
        type: 3}
      propertyPath: m_Positions.Array.data[4].y
      value: 0.39
      objectReference: {fileID: 0}
    - target: {fileID: 6904600446497722433, guid: fcc6c891c9d064bb69e722158acbeb2e,
        type: 3}
      propertyPath: m_Positions.Array.data[4].z
      value: -0.05
      objectReference: {fileID: 0}
    - target: {fileID: 6904600446497722433, guid: fcc6c891c9d064bb69e722158acbeb2e,
        type: 3}
      propertyPath: m_Positions.Array.data[5].x
      value: -1.342579
      objectReference: {fileID: 0}
    - target: {fileID: 6904600446497722433, guid: fcc6c891c9d064bb69e722158acbeb2e,
        type: 3}
      propertyPath: m_Positions.Array.data[5].y
      value: 0.39
      objectReference: {fileID: 0}
    - target: {fileID: 6904600446497722433, guid: fcc6c891c9d064bb69e722158acbeb2e,
        type: 3}
      propertyPath: m_Positions.Array.data[5].z
      value: -0.05
      objectReference: {fileID: 0}
    - target: {fileID: 6904600446497722433, guid: fcc6c891c9d064bb69e722158acbeb2e,
        type: 3}
      propertyPath: m_Positions.Array.data[6].x
      value: -1.0174353
      objectReference: {fileID: 0}
    - target: {fileID: 6904600446497722433, guid: fcc6c891c9d064bb69e722158acbeb2e,
        type: 3}
      propertyPath: m_Positions.Array.data[6].y
      value: 0.39
      objectReference: {fileID: 0}
    - target: {fileID: 6904600446497722433, guid: fcc6c891c9d064bb69e722158acbeb2e,
        type: 3}
      propertyPath: m_Positions.Array.data[6].z
      value: -0.05
      objectReference: {fileID: 0}
    - target: {fileID: 6904600446497722433, guid: fcc6c891c9d064bb69e722158acbeb2e,
        type: 3}
      propertyPath: m_Positions.Array.data[7].x
      value: -0.6907755
      objectReference: {fileID: 0}
    - target: {fileID: 6904600446497722433, guid: fcc6c891c9d064bb69e722158acbeb2e,
        type: 3}
      propertyPath: m_Positions.Array.data[7].y
      value: 0.39
      objectReference: {fileID: 0}
    - target: {fileID: 6904600446497722433, guid: fcc6c891c9d064bb69e722158acbeb2e,
        type: 3}
      propertyPath: m_Positions.Array.data[7].z
      value: -0.05
      objectReference: {fileID: 0}
    - target: {fileID: 6904600446497722433, guid: fcc6c891c9d064bb69e722158acbeb2e,
        type: 3}
      propertyPath: m_Positions.Array.data[8].x
      value: -0.36232382
      objectReference: {fileID: 0}
    - target: {fileID: 6904600446497722433, guid: fcc6c891c9d064bb69e722158acbeb2e,
        type: 3}
      propertyPath: m_Positions.Array.data[8].y
      value: 0.39
      objectReference: {fileID: 0}
    - target: {fileID: 6904600446497722433, guid: fcc6c891c9d064bb69e722158acbeb2e,
        type: 3}
      propertyPath: m_Positions.Array.data[8].z
      value: -0.05
      objectReference: {fileID: 0}
    - target: {fileID: 6904600446497722433, guid: fcc6c891c9d064bb69e722158acbeb2e,
        type: 3}
      propertyPath: m_Positions.Array.data[9].x
      value: -0.032356262
      objectReference: {fileID: 0}
    - target: {fileID: 6904600446497722433, guid: fcc6c891c9d064bb69e722158acbeb2e,
        type: 3}
      propertyPath: m_Positions.Array.data[9].y
      value: 0.39
      objectReference: {fileID: 0}
    - target: {fileID: 6904600446497722433, guid: fcc6c891c9d064bb69e722158acbeb2e,
        type: 3}
      propertyPath: m_Positions.Array.data[9].z
      value: -0.05
      objectReference: {fileID: 0}
    - target: {fileID: 6904600446497722433, guid: fcc6c891c9d064bb69e722158acbeb2e,
        type: 3}
      propertyPath: m_Positions.Array.data[10].x
      value: 0.29871428
      objectReference: {fileID: 0}
    - target: {fileID: 6904600446497722433, guid: fcc6c891c9d064bb69e722158acbeb2e,
        type: 3}
      propertyPath: m_Positions.Array.data[10].y
      value: 0.39
      objectReference: {fileID: 0}
    - target: {fileID: 6904600446497722433, guid: fcc6c891c9d064bb69e722158acbeb2e,
        type: 3}
      propertyPath: m_Positions.Array.data[10].z
      value: -0.05
      objectReference: {fileID: 0}
    - target: {fileID: 6904600446497722433, guid: fcc6c891c9d064bb69e722158acbeb2e,
        type: 3}
      propertyPath: m_Positions.Array.data[11].x
      value: 0.63047373
      objectReference: {fileID: 0}
    - target: {fileID: 6904600446497722433, guid: fcc6c891c9d064bb69e722158acbeb2e,
        type: 3}
      propertyPath: m_Positions.Array.data[11].y
      value: 0.39
      objectReference: {fileID: 0}
    - target: {fileID: 6904600446497722433, guid: fcc6c891c9d064bb69e722158acbeb2e,
        type: 3}
      propertyPath: m_Positions.Array.data[11].z
      value: -0.05
      objectReference: {fileID: 0}
    - target: {fileID: 6904600446497722433, guid: fcc6c891c9d064bb69e722158acbeb2e,
        type: 3}
      propertyPath: m_Positions.Array.data[12].x
      value: 0.9625089
      objectReference: {fileID: 0}
    - target: {fileID: 6904600446497722433, guid: fcc6c891c9d064bb69e722158acbeb2e,
        type: 3}
      propertyPath: m_Positions.Array.data[12].y
      value: 0.39
      objectReference: {fileID: 0}
    - target: {fileID: 6904600446497722433, guid: fcc6c891c9d064bb69e722158acbeb2e,
        type: 3}
      propertyPath: m_Positions.Array.data[12].z
      value: -0.05
      objectReference: {fileID: 0}
    - target: {fileID: 6904600446497722433, guid: fcc6c891c9d064bb69e722158acbeb2e,
        type: 3}
      propertyPath: m_Positions.Array.data[13].x
      value: 1.2944063
      objectReference: {fileID: 0}
    - target: {fileID: 6904600446497722433, guid: fcc6c891c9d064bb69e722158acbeb2e,
        type: 3}
      propertyPath: m_Positions.Array.data[13].y
      value: 0.39
      objectReference: {fileID: 0}
    - target: {fileID: 6904600446497722433, guid: fcc6c891c9d064bb69e722158acbeb2e,
        type: 3}
      propertyPath: m_Positions.Array.data[13].z
      value: -0.05
      objectReference: {fileID: 0}
    - target: {fileID: 6904600446497722433, guid: fcc6c891c9d064bb69e722158acbeb2e,
        type: 3}
      propertyPath: m_Positions.Array.data[14].x
      value: 1.6257523
      objectReference: {fileID: 0}
    - target: {fileID: 6904600446497722433, guid: fcc6c891c9d064bb69e722158acbeb2e,
        type: 3}
      propertyPath: m_Positions.Array.data[14].y
      value: 0.39
      objectReference: {fileID: 0}
    - target: {fileID: 6904600446497722433, guid: fcc6c891c9d064bb69e722158acbeb2e,
        type: 3}
      propertyPath: m_Positions.Array.data[14].z
      value: -0.05
      objectReference: {fileID: 0}
    - target: {fileID: 6904600446497722433, guid: fcc6c891c9d064bb69e722158acbeb2e,
        type: 3}
      propertyPath: m_Positions.Array.data[15].x
      value: 1.6257523
      objectReference: {fileID: 0}
    - target: {fileID: 6904600446497722433, guid: fcc6c891c9d064bb69e722158acbeb2e,
        type: 3}
      propertyPath: m_Positions.Array.data[15].y
      value: 0.39
      objectReference: {fileID: 0}
    - target: {fileID: 6904600446497722433, guid: fcc6c891c9d064bb69e722158acbeb2e,
        type: 3}
      propertyPath: m_Positions.Array.data[15].z
      value: -0.05
      objectReference: {fileID: 0}
    - target: {fileID: 6904600446497722433, guid: fcc6c891c9d064bb69e722158acbeb2e,
        type: 3}
      propertyPath: m_Positions.Array.data[16].x
      value: 1.6257523
      objectReference: {fileID: 0}
    - target: {fileID: 6904600446497722433, guid: fcc6c891c9d064bb69e722158acbeb2e,
        type: 3}
      propertyPath: m_Positions.Array.data[16].y
      value: 0.39
      objectReference: {fileID: 0}
    - target: {fileID: 6904600446497722433, guid: fcc6c891c9d064bb69e722158acbeb2e,
        type: 3}
      propertyPath: m_Positions.Array.data[16].z
      value: -0.05
      objectReference: {fileID: 0}
    - target: {fileID: 6904600446497722433, guid: fcc6c891c9d064bb69e722158acbeb2e,
        type: 3}
      propertyPath: m_Positions.Array.data[17].x
      value: 1.3681008
      objectReference: {fileID: 0}
    - target: {fileID: 6904600446497722433, guid: fcc6c891c9d064bb69e722158acbeb2e,
        type: 3}
      propertyPath: m_Positions.Array.data[17].y
      value: 0.57238555
      objectReference: {fileID: 0}
    - target: {fileID: 6904600446497722433, guid: fcc6c891c9d064bb69e722158acbeb2e,
        type: 3}
      propertyPath: m_Positions.Array.data[17].z
      value: -0.05
      objectReference: {fileID: 0}
    - target: {fileID: 6904600446497722433, guid: fcc6c891c9d064bb69e722158acbeb2e,
        type: 3}
      propertyPath: m_Positions.Array.data[18].x
      value: 1.6257523
      objectReference: {fileID: 0}
    - target: {fileID: 6904600446497722433, guid: fcc6c891c9d064bb69e722158acbeb2e,
        type: 3}
      propertyPath: m_Positions.Array.data[18].y
      value: 0.39
      objectReference: {fileID: 0}
    - target: {fileID: 6904600446497722433, guid: fcc6c891c9d064bb69e722158acbeb2e,
        type: 3}
      propertyPath: m_Positions.Array.data[18].z
      value: -0.05
      objectReference: {fileID: 0}
    - target: {fileID: 6904600446497722433, guid: fcc6c891c9d064bb69e722158acbeb2e,
        type: 3}
      propertyPath: m_Positions.Array.data[19].x
      value: 1.6257523
      objectReference: {fileID: 0}
    - target: {fileID: 6904600446497722433, guid: fcc6c891c9d064bb69e722158acbeb2e,
        type: 3}
      propertyPath: m_Positions.Array.data[19].y
      value: 0.39
      objectReference: {fileID: 0}
    - target: {fileID: 6904600446497722433, guid: fcc6c891c9d064bb69e722158acbeb2e,
        type: 3}
      propertyPath: m_Positions.Array.data[19].z
      value: -0.05
      objectReference: {fileID: 0}
    - target: {fileID: 6904600446497722433, guid: fcc6c891c9d064bb69e722158acbeb2e,
        type: 3}
      propertyPath: m_Positions.Array.data[20].x
      value: 1.6257523
      objectReference: {fileID: 0}
    - target: {fileID: 6904600446497722433, guid: fcc6c891c9d064bb69e722158acbeb2e,
        type: 3}
      propertyPath: m_Positions.Array.data[20].y
      value: 0.39
      objectReference: {fileID: 0}
    - target: {fileID: 6904600446497722433, guid: fcc6c891c9d064bb69e722158acbeb2e,
        type: 3}
      propertyPath: m_Positions.Array.data[20].z
      value: -0.05
      objectReference: {fileID: 0}
    - target: {fileID: 6904600446497722433, guid: fcc6c891c9d064bb69e722158acbeb2e,
        type: 3}
      propertyPath: m_Positions.Array.data[21].x
      value: 1.4149812
      objectReference: {fileID: 0}
    - target: {fileID: 6904600446497722433, guid: fcc6c891c9d064bb69e722158acbeb2e,
        type: 3}
      propertyPath: m_Positions.Array.data[21].y
      value: 0.63940144
      objectReference: {fileID: 0}
    - target: {fileID: 6904600446497722433, guid: fcc6c891c9d064bb69e722158acbeb2e,
        type: 3}
      propertyPath: m_Positions.Array.data[21].z
      value: -0.05
      objectReference: {fileID: 0}
    - target: {fileID: 6904600446497722433, guid: fcc6c891c9d064bb69e722158acbeb2e,
        type: 3}
      propertyPath: m_Positions.Array.data[22].x
      value: 1.6257523
      objectReference: {fileID: 0}
    - target: {fileID: 6904600446497722433, guid: fcc6c891c9d064bb69e722158acbeb2e,
        type: 3}
      propertyPath: m_Positions.Array.data[22].y
      value: 0.39
      objectReference: {fileID: 0}
    - target: {fileID: 6904600446497722433, guid: fcc6c891c9d064bb69e722158acbeb2e,
        type: 3}
      propertyPath: m_Positions.Array.data[22].z
      value: -0.05
      objectReference: {fileID: 0}
    - target: {fileID: 6904600446497722433, guid: fcc6c891c9d064bb69e722158acbeb2e,
        type: 3}
      propertyPath: m_Positions.Array.data[23].x
      value: 1.6257523
      objectReference: {fileID: 0}
    - target: {fileID: 6904600446497722433, guid: fcc6c891c9d064bb69e722158acbeb2e,
        type: 3}
      propertyPath: m_Positions.Array.data[23].y
      value: 0.39
      objectReference: {fileID: 0}
    - target: {fileID: 6904600446497722433, guid: fcc6c891c9d064bb69e722158acbeb2e,
        type: 3}
      propertyPath: m_Positions.Array.data[23].z
      value: -0.05
      objectReference: {fileID: 0}
    - target: {fileID: 6904600446497722433, guid: fcc6c891c9d064bb69e722158acbeb2e,
        type: 3}
      propertyPath: m_Positions.Array.data[24].x
      value: 1.6257523
      objectReference: {fileID: 0}
    - target: {fileID: 6904600446497722433, guid: fcc6c891c9d064bb69e722158acbeb2e,
        type: 3}
      propertyPath: m_Positions.Array.data[24].y
      value: 0.39
      objectReference: {fileID: 0}
    - target: {fileID: 6904600446497722433, guid: fcc6c891c9d064bb69e722158acbeb2e,
        type: 3}
      propertyPath: m_Positions.Array.data[24].z
      value: -0.05
      objectReference: {fileID: 0}
    - target: {fileID: 6904600446497722433, guid: fcc6c891c9d064bb69e722158acbeb2e,
        type: 3}
      propertyPath: m_Positions.Array.data[25].x
      value: 1.7708412
      objectReference: {fileID: 0}
    - target: {fileID: 6904600446497722433, guid: fcc6c891c9d064bb69e722158acbeb2e,
        type: 3}
      propertyPath: m_Positions.Array.data[25].y
      value: 0.21044469
      objectReference: {fileID: 0}
    - target: {fileID: 6904600446497722433, guid: fcc6c891c9d064bb69e722158acbeb2e,
        type: 3}
      propertyPath: m_Positions.Array.data[25].z
      value: 0.76102066
      objectReference: {fileID: 0}
    - target: {fileID: 6904600446497722433, guid: fcc6c891c9d064bb69e722158acbeb2e,
        type: 3}
      propertyPath: m_Positions.Array.data[26].x
      value: 2.0701475
      objectReference: {fileID: 0}
    - target: {fileID: 6904600446497722433, guid: fcc6c891c9d064bb69e722158acbeb2e,
        type: 3}
      propertyPath: m_Positions.Array.data[26].y
      value: 0.21044469
      objectReference: {fileID: 0}
    - target: {fileID: 6904600446497722433, guid: fcc6c891c9d064bb69e722158acbeb2e,
        type: 3}
      propertyPath: m_Positions.Array.data[26].z
      value: 0.76102066
      objectReference: {fileID: 0}
    - target: {fileID: 6904600446497722433, guid: fcc6c891c9d064bb69e722158acbeb2e,
        type: 3}
      propertyPath: m_Positions.Array.data[27].x
      value: 1.7775172
      objectReference: {fileID: 0}
    - target: {fileID: 6904600446497722433, guid: fcc6c891c9d064bb69e722158acbeb2e,
        type: 3}
      propertyPath: m_Positions.Array.data[27].y
      value: 0.21044469
      objectReference: {fileID: 0}
    - target: {fileID: 6904600446497722433, guid: fcc6c891c9d064bb69e722158acbeb2e,
        type: 3}
      propertyPath: m_Positions.Array.data[27].z
      value: 0.76102066
      objectReference: {fileID: 0}
    - target: {fileID: 6904600446497722433, guid: fcc6c891c9d064bb69e722158acbeb2e,
        type: 3}
      propertyPath: m_Positions.Array.data[28].x
      value: 2.0701475
      objectReference: {fileID: 0}
    - target: {fileID: 6904600446497722433, guid: fcc6c891c9d064bb69e722158acbeb2e,
        type: 3}
      propertyPath: m_Positions.Array.data[28].y
      value: 0.21044469
      objectReference: {fileID: 0}
    - target: {fileID: 6904600446497722433, guid: fcc6c891c9d064bb69e722158acbeb2e,
        type: 3}
      propertyPath: m_Positions.Array.data[28].z
      value: 0.76102066
      objectReference: {fileID: 0}
    - target: {fileID: 6904600446497722433, guid: fcc6c891c9d064bb69e722158acbeb2e,
        type: 3}
      propertyPath: m_Positions.Array.data[29].x
      value: 2.0701475
      objectReference: {fileID: 0}
    - target: {fileID: 6904600446497722433, guid: fcc6c891c9d064bb69e722158acbeb2e,
        type: 3}
      propertyPath: m_Positions.Array.data[29].y
      value: 0.21044469
      objectReference: {fileID: 0}
    - target: {fileID: 6904600446497722433, guid: fcc6c891c9d064bb69e722158acbeb2e,
        type: 3}
      propertyPath: m_Positions.Array.data[29].z
      value: 0.76102066
      objectReference: {fileID: 0}
    - target: {fileID: 6904600446497722433, guid: fcc6c891c9d064bb69e722158acbeb2e,
        type: 3}
      propertyPath: m_Positions.Array.data[30].x
      value: 2.0701475
      objectReference: {fileID: 0}
    - target: {fileID: 6904600446497722433, guid: fcc6c891c9d064bb69e722158acbeb2e,
        type: 3}
      propertyPath: m_Positions.Array.data[30].y
      value: 0.21044469
      objectReference: {fileID: 0}
    - target: {fileID: 6904600446497722433, guid: fcc6c891c9d064bb69e722158acbeb2e,
        type: 3}
      propertyPath: m_Positions.Array.data[30].z
      value: 0.76102066
      objectReference: {fileID: 0}
    - target: {fileID: 6904600446497722433, guid: fcc6c891c9d064bb69e722158acbeb2e,
        type: 3}
      propertyPath: m_Positions.Array.data[31].x
      value: 2.2522545
      objectReference: {fileID: 0}
    - target: {fileID: 6904600446497722433, guid: fcc6c891c9d064bb69e722158acbeb2e,
        type: 3}
      propertyPath: m_Positions.Array.data[31].y
      value: 0.21044469
      objectReference: {fileID: 0}
    - target: {fileID: 6904600446497722433, guid: fcc6c891c9d064bb69e722158acbeb2e,
        type: 3}
      propertyPath: m_Positions.Array.data[31].z
      value: 0.76102066
      objectReference: {fileID: 0}
    - target: {fileID: 6904600446497722433, guid: fcc6c891c9d064bb69e722158acbeb2e,
        type: 3}
      propertyPath: m_Positions.Array.data[32].x
      value: 2.4922276
      objectReference: {fileID: 0}
    - target: {fileID: 6904600446497722433, guid: fcc6c891c9d064bb69e722158acbeb2e,
        type: 3}
      propertyPath: m_Positions.Array.data[32].y
      value: 0.21044469
      objectReference: {fileID: 0}
    - target: {fileID: 6904600446497722433, guid: fcc6c891c9d064bb69e722158acbeb2e,
        type: 3}
      propertyPath: m_Positions.Array.data[32].z
      value: 0.76102066
      objectReference: {fileID: 0}
    - target: {fileID: 6904600446497722433, guid: fcc6c891c9d064bb69e722158acbeb2e,
        type: 3}
      propertyPath: m_Positions.Array.data[33].x
      value: 2.7488418
      objectReference: {fileID: 0}
    - target: {fileID: 6904600446497722433, guid: fcc6c891c9d064bb69e722158acbeb2e,
        type: 3}
      propertyPath: m_Positions.Array.data[33].y
      value: 0.21044469
      objectReference: {fileID: 0}
    - target: {fileID: 6904600446497722433, guid: fcc6c891c9d064bb69e722158acbeb2e,
        type: 3}
      propertyPath: m_Positions.Array.data[33].z
      value: 0.76102066
      objectReference: {fileID: 0}
    - target: {fileID: 6904600446497722433, guid: fcc6c891c9d064bb69e722158acbeb2e,
        type: 3}
      propertyPath: m_Positions.Array.data[34].x
      value: 3.0345793
      objectReference: {fileID: 0}
    - target: {fileID: 6904600446497722433, guid: fcc6c891c9d064bb69e722158acbeb2e,
        type: 3}
      propertyPath: m_Positions.Array.data[34].y
      value: 0.21044469
      objectReference: {fileID: 0}
    - target: {fileID: 6904600446497722433, guid: fcc6c891c9d064bb69e722158acbeb2e,
        type: 3}
      propertyPath: m_Positions.Array.data[34].z
      value: 0.76102066
      objectReference: {fileID: 0}
    - target: {fileID: 6904600446497722433, guid: fcc6c891c9d064bb69e722158acbeb2e,
        type: 3}
      propertyPath: m_Positions.Array.data[35].x
      value: 3.5645297
      objectReference: {fileID: 0}
    - target: {fileID: 6904600446497722433, guid: fcc6c891c9d064bb69e722158acbeb2e,
        type: 3}
      propertyPath: m_Positions.Array.data[35].y
      value: 0.21044469
      objectReference: {fileID: 0}
    - target: {fileID: 6904600446497722433, guid: fcc6c891c9d064bb69e722158acbeb2e,
        type: 3}
      propertyPath: m_Positions.Array.data[35].z
      value: 0.76102066
      objectReference: {fileID: 0}
    - target: {fileID: 6904600446497722433, guid: fcc6c891c9d064bb69e722158acbeb2e,
        type: 3}
      propertyPath: m_Positions.Array.data[36].x
      value: 3.8616893
      objectReference: {fileID: 0}
    - target: {fileID: 6904600446497722433, guid: fcc6c891c9d064bb69e722158acbeb2e,
        type: 3}
      propertyPath: m_Positions.Array.data[36].y
      value: 0.21044469
      objectReference: {fileID: 0}
    - target: {fileID: 6904600446497722433, guid: fcc6c891c9d064bb69e722158acbeb2e,
        type: 3}
      propertyPath: m_Positions.Array.data[36].z
      value: 0.76102066
      objectReference: {fileID: 0}
    - target: {fileID: 6904600446497722433, guid: fcc6c891c9d064bb69e722158acbeb2e,
        type: 3}
      propertyPath: m_Positions.Array.data[37].x
      value: 4.1609073
      objectReference: {fileID: 0}
    - target: {fileID: 6904600446497722433, guid: fcc6c891c9d064bb69e722158acbeb2e,
        type: 3}
      propertyPath: m_Positions.Array.data[37].y
      value: 0.21044469
      objectReference: {fileID: 0}
    - target: {fileID: 6904600446497722433, guid: fcc6c891c9d064bb69e722158acbeb2e,
        type: 3}
      propertyPath: m_Positions.Array.data[37].z
      value: 0.76102066
      objectReference: {fileID: 0}
    - target: {fileID: 6904600446497722433, guid: fcc6c891c9d064bb69e722158acbeb2e,
        type: 3}
      propertyPath: m_Positions.Array.data[38].x
      value: 4.4637294
      objectReference: {fileID: 0}
    - target: {fileID: 6904600446497722433, guid: fcc6c891c9d064bb69e722158acbeb2e,
        type: 3}
      propertyPath: m_Positions.Array.data[38].y
      value: 0.21044469
      objectReference: {fileID: 0}
    - target: {fileID: 6904600446497722433, guid: fcc6c891c9d064bb69e722158acbeb2e,
        type: 3}
      propertyPath: m_Positions.Array.data[38].z
      value: 0.76102066
      objectReference: {fileID: 0}
    - target: {fileID: 6904600446497722433, guid: fcc6c891c9d064bb69e722158acbeb2e,
        type: 3}
      propertyPath: m_Positions.Array.data[39].x
      value: 4.771699
      objectReference: {fileID: 0}
    - target: {fileID: 6904600446497722433, guid: fcc6c891c9d064bb69e722158acbeb2e,
        type: 3}
      propertyPath: m_Positions.Array.data[39].y
      value: 0.21044469
      objectReference: {fileID: 0}
    - target: {fileID: 6904600446497722433, guid: fcc6c891c9d064bb69e722158acbeb2e,
        type: 3}
      propertyPath: m_Positions.Array.data[39].z
      value: 0.76102066
      objectReference: {fileID: 0}
    - target: {fileID: 6904600446497722433, guid: fcc6c891c9d064bb69e722158acbeb2e,
        type: 3}
      propertyPath: m_Positions.Array.data[40].x
      value: 5.086361
      objectReference: {fileID: 0}
    - target: {fileID: 6904600446497722433, guid: fcc6c891c9d064bb69e722158acbeb2e,
        type: 3}
      propertyPath: m_Positions.Array.data[40].y
      value: 0.21044469
      objectReference: {fileID: 0}
    - target: {fileID: 6904600446497722433, guid: fcc6c891c9d064bb69e722158acbeb2e,
        type: 3}
      propertyPath: m_Positions.Array.data[40].z
      value: 0.76102066
      objectReference: {fileID: 0}
    - target: {fileID: 6904600446497722433, guid: fcc6c891c9d064bb69e722158acbeb2e,
        type: 3}
      propertyPath: m_Positions.Array.data[41].x
      value: 5.3427677
      objectReference: {fileID: 0}
    - target: {fileID: 6904600446497722433, guid: fcc6c891c9d064bb69e722158acbeb2e,
        type: 3}
      propertyPath: m_Positions.Array.data[41].y
      value: 0.21044469
      objectReference: {fileID: 0}
    - target: {fileID: 6904600446497722433, guid: fcc6c891c9d064bb69e722158acbeb2e,
        type: 3}
      propertyPath: m_Positions.Array.data[41].z
      value: 0.76102066
      objectReference: {fileID: 0}
    - target: {fileID: 6904600446497722433, guid: fcc6c891c9d064bb69e722158acbeb2e,
        type: 3}
      propertyPath: m_Positions.Array.data[42].x
      value: 5.6527977
      objectReference: {fileID: 0}
    - target: {fileID: 6904600446497722433, guid: fcc6c891c9d064bb69e722158acbeb2e,
        type: 3}
      propertyPath: m_Positions.Array.data[42].y
      value: 0.21044469
      objectReference: {fileID: 0}
    - target: {fileID: 6904600446497722433, guid: fcc6c891c9d064bb69e722158acbeb2e,
        type: 3}
      propertyPath: m_Positions.Array.data[42].z
      value: 0.76102066
      objectReference: {fileID: 0}
    - target: {fileID: 6904600446497722433, guid: fcc6c891c9d064bb69e722158acbeb2e,
        type: 3}
      propertyPath: m_Positions.Array.data[43].x
      value: 5.965696
      objectReference: {fileID: 0}
    - target: {fileID: 6904600446497722433, guid: fcc6c891c9d064bb69e722158acbeb2e,
        type: 3}
      propertyPath: m_Positions.Array.data[43].y
      value: 0.21044469
      objectReference: {fileID: 0}
    - target: {fileID: 6904600446497722433, guid: fcc6c891c9d064bb69e722158acbeb2e,
        type: 3}
      propertyPath: m_Positions.Array.data[43].z
      value: 0.76102066
      objectReference: {fileID: 0}
    - target: {fileID: 6904600446497722433, guid: fcc6c891c9d064bb69e722158acbeb2e,
        type: 3}
      propertyPath: m_Positions.Array.data[44].x
      value: 5.682465
      objectReference: {fileID: 0}
    - target: {fileID: 6904600446497722433, guid: fcc6c891c9d064bb69e722158acbeb2e,
        type: 3}
      propertyPath: m_Positions.Array.data[44].y
      value: 2.5850596
      objectReference: {fileID: 0}
    - target: {fileID: 6904600446497722433, guid: fcc6c891c9d064bb69e722158acbeb2e,
        type: 3}
      propertyPath: m_Positions.Array.data[44].z
      value: 0.76102066
      objectReference: {fileID: 0}
    - target: {fileID: 6904600446497722433, guid: fcc6c891c9d064bb69e722158acbeb2e,
        type: 3}
      propertyPath: m_Positions.Array.data[45].x
      value: 5.965696
      objectReference: {fileID: 0}
    - target: {fileID: 6904600446497722433, guid: fcc6c891c9d064bb69e722158acbeb2e,
        type: 3}
      propertyPath: m_Positions.Array.data[45].y
      value: 2.7066212
      objectReference: {fileID: 0}
    - target: {fileID: 6904600446497722433, guid: fcc6c891c9d064bb69e722158acbeb2e,
        type: 3}
      propertyPath: m_Positions.Array.data[45].z
      value: 0.76102066
      objectReference: {fileID: 0}
    - target: {fileID: 6904600446497722433, guid: fcc6c891c9d064bb69e722158acbeb2e,
        type: 3}
      propertyPath: m_Positions.Array.data[46].x
      value: 5.7069936
      objectReference: {fileID: 0}
    - target: {fileID: 6904600446497722433, guid: fcc6c891c9d064bb69e722158acbeb2e,
        type: 3}
      propertyPath: m_Positions.Array.data[46].y
      value: -3.2321076
      objectReference: {fileID: 0}
    - target: {fileID: 6904600446497722433, guid: fcc6c891c9d064bb69e722158acbeb2e,
        type: 3}
      propertyPath: m_Positions.Array.data[46].z
      value: 0.76102066
      objectReference: {fileID: 0}
    - target: {fileID: 6904600446497722433, guid: fcc6c891c9d064bb69e722158acbeb2e,
        type: 3}
      propertyPath: m_Positions.Array.data[47].x
      value: 5.965696
      objectReference: {fileID: 0}
    - target: {fileID: 6904600446497722433, guid: fcc6c891c9d064bb69e722158acbeb2e,
        type: 3}
      propertyPath: m_Positions.Array.data[47].y
      value: -3.3919916
      objectReference: {fileID: 0}
    - target: {fileID: 6904600446497722433, guid: fcc6c891c9d064bb69e722158acbeb2e,
        type: 3}
      propertyPath: m_Positions.Array.data[47].z
      value: 0.76102066
      objectReference: {fileID: 0}
    - target: {fileID: 6904600446497722433, guid: fcc6c891c9d064bb69e722158acbeb2e,
        type: 3}
      propertyPath: m_Positions.Array.data[48].x
      value: 5.727611
      objectReference: {fileID: 0}
    - target: {fileID: 6904600446497722433, guid: fcc6c891c9d064bb69e722158acbeb2e,
        type: 3}
      propertyPath: m_Positions.Array.data[48].y
      value: -4.396985
      objectReference: {fileID: 0}
    - target: {fileID: 6904600446497722433, guid: fcc6c891c9d064bb69e722158acbeb2e,
        type: 3}
      propertyPath: m_Positions.Array.data[48].z
      value: 0.76102066
      objectReference: {fileID: 0}
    - target: {fileID: 6904600446497722433, guid: fcc6c891c9d064bb69e722158acbeb2e,
        type: 3}
      propertyPath: m_Positions.Array.data[49].x
      value: 5.965696
      objectReference: {fileID: 0}
    - target: {fileID: 6904600446497722433, guid: fcc6c891c9d064bb69e722158acbeb2e,
        type: 3}
      propertyPath: m_Positions.Array.data[49].y
      value: -4.592804
      objectReference: {fileID: 0}
    - target: {fileID: 6904600446497722433, guid: fcc6c891c9d064bb69e722158acbeb2e,
        type: 3}
      propertyPath: m_Positions.Array.data[49].z
      value: 0.76102066
      objectReference: {fileID: 0}
    - target: {fileID: 6904600446497722433, guid: fcc6c891c9d064bb69e722158acbeb2e,
        type: 3}
      propertyPath: m_Positions.Array.data[50].x
      value: 5.745185
      objectReference: {fileID: 0}
    - target: {fileID: 6904600446497722433, guid: fcc6c891c9d064bb69e722158acbeb2e,
        type: 3}
      propertyPath: m_Positions.Array.data[50].y
      value: -5.085046
      objectReference: {fileID: 0}
    - target: {fileID: 6904600446497722433, guid: fcc6c891c9d064bb69e722158acbeb2e,
        type: 3}
      propertyPath: m_Positions.Array.data[50].z
      value: 0.76102066
      objectReference: {fileID: 0}
    - target: {fileID: 6904600446497722433, guid: fcc6c891c9d064bb69e722158acbeb2e,
        type: 3}
      propertyPath: m_Positions.Array.data[51].x
      value: 5.965696
      objectReference: {fileID: 0}
    - target: {fileID: 6904600446497722433, guid: fcc6c891c9d064bb69e722158acbeb2e,
        type: 3}
      propertyPath: m_Positions.Array.data[51].y
      value: -5.29249
      objectReference: {fileID: 0}
    - target: {fileID: 6904600446497722433, guid: fcc6c891c9d064bb69e722158acbeb2e,
        type: 3}
      propertyPath: m_Positions.Array.data[51].z
      value: 0.76102066
      objectReference: {fileID: 0}
    - target: {fileID: 6904600446497722433, guid: fcc6c891c9d064bb69e722158acbeb2e,
        type: 3}
      propertyPath: m_Positions.Array.data[52].x
      value: 1.8071641
      objectReference: {fileID: 0}
    - target: {fileID: 6904600446497722433, guid: fcc6c891c9d064bb69e722158acbeb2e,
        type: 3}
      propertyPath: m_Positions.Array.data[52].y
      value: -0.63970804
      objectReference: {fileID: 0}
    - target: {fileID: 6904600446497722433, guid: fcc6c891c9d064bb69e722158acbeb2e,
        type: 3}
      propertyPath: m_Positions.Array.data[52].z
      value: -0.5014324
      objectReference: {fileID: 0}
    - target: {fileID: 6904600446497722433, guid: fcc6c891c9d064bb69e722158acbeb2e,
        type: 3}
      propertyPath: m_Positions.Array.data[53].x
      value: 1.8071641
      objectReference: {fileID: 0}
    - target: {fileID: 6904600446497722433, guid: fcc6c891c9d064bb69e722158acbeb2e,
        type: 3}
      propertyPath: m_Positions.Array.data[53].y
      value: -0.63970804
      objectReference: {fileID: 0}
    - target: {fileID: 6904600446497722433, guid: fcc6c891c9d064bb69e722158acbeb2e,
        type: 3}
      propertyPath: m_Positions.Array.data[53].z
      value: -0.8053665
      objectReference: {fileID: 0}
    - target: {fileID: 6904600446497722433, guid: fcc6c891c9d064bb69e722158acbeb2e,
        type: 3}
      propertyPath: m_Positions.Array.data[54].x
      value: 1.8071641
      objectReference: {fileID: 0}
    - target: {fileID: 6904600446497722433, guid: fcc6c891c9d064bb69e722158acbeb2e,
        type: 3}
      propertyPath: m_Positions.Array.data[54].y
      value: -0.63970804
      objectReference: {fileID: 0}
    - target: {fileID: 6904600446497722433, guid: fcc6c891c9d064bb69e722158acbeb2e,
        type: 3}
      propertyPath: m_Positions.Array.data[54].z
      value: -1.1093025
      objectReference: {fileID: 0}
    - target: {fileID: 6904600446497722433, guid: fcc6c891c9d064bb69e722158acbeb2e,
        type: 3}
      propertyPath: m_Positions.Array.data[55].x
      value: 1.8071641
      objectReference: {fileID: 0}
    - target: {fileID: 6904600446497722433, guid: fcc6c891c9d064bb69e722158acbeb2e,
        type: 3}
      propertyPath: m_Positions.Array.data[55].y
      value: -0.63970804
      objectReference: {fileID: 0}
    - target: {fileID: 6904600446497722433, guid: fcc6c891c9d064bb69e722158acbeb2e,
        type: 3}
      propertyPath: m_Positions.Array.data[55].z
      value: -1.4132385
      objectReference: {fileID: 0}
    - target: {fileID: 6904600446497722433, guid: fcc6c891c9d064bb69e722158acbeb2e,
        type: 3}
      propertyPath: m_Positions.Array.data[56].x
      value: 1.8071641
      objectReference: {fileID: 0}
    - target: {fileID: 6904600446497722433, guid: fcc6c891c9d064bb69e722158acbeb2e,
        type: 3}
      propertyPath: m_Positions.Array.data[56].y
      value: -0.63970804
      objectReference: {fileID: 0}
    - target: {fileID: 6904600446497722433, guid: fcc6c891c9d064bb69e722158acbeb2e,
        type: 3}
      propertyPath: m_Positions.Array.data[56].z
      value: -1.7171726
      objectReference: {fileID: 0}
    - target: {fileID: 6904600446497722433, guid: fcc6c891c9d064bb69e722158acbeb2e,
        type: 3}
      propertyPath: m_Positions.Array.data[57].x
      value: 1.8071641
      objectReference: {fileID: 0}
    - target: {fileID: 6904600446497722433, guid: fcc6c891c9d064bb69e722158acbeb2e,
        type: 3}
      propertyPath: m_Positions.Array.data[57].y
      value: -0.63970804
      objectReference: {fileID: 0}
    - target: {fileID: 6904600446497722433, guid: fcc6c891c9d064bb69e722158acbeb2e,
        type: 3}
      propertyPath: m_Positions.Array.data[57].z
      value: -2.0211086
      objectReference: {fileID: 0}
    - target: {fileID: 6904600446497722433, guid: fcc6c891c9d064bb69e722158acbeb2e,
        type: 3}
      propertyPath: m_Positions.Array.data[58].x
      value: 1.8071641
      objectReference: {fileID: 0}
    - target: {fileID: 6904600446497722433, guid: fcc6c891c9d064bb69e722158acbeb2e,
        type: 3}
      propertyPath: m_Positions.Array.data[58].y
      value: -0.63970804
      objectReference: {fileID: 0}
    - target: {fileID: 6904600446497722433, guid: fcc6c891c9d064bb69e722158acbeb2e,
        type: 3}
      propertyPath: m_Positions.Array.data[58].z
      value: -2.3250418
      objectReference: {fileID: 0}
    - target: {fileID: 6904600446497722433, guid: fcc6c891c9d064bb69e722158acbeb2e,
        type: 3}
      propertyPath: m_Positions.Array.data[59].x
      value: 1.8071641
      objectReference: {fileID: 0}
    - target: {fileID: 6904600446497722433, guid: fcc6c891c9d064bb69e722158acbeb2e,
        type: 3}
      propertyPath: m_Positions.Array.data[59].y
      value: 9.810573
      objectReference: {fileID: 0}
    - target: {fileID: 6904600446497722433, guid: fcc6c891c9d064bb69e722158acbeb2e,
        type: 3}
      propertyPath: m_Positions.Array.data[59].z
      value: 0.8578329
      objectReference: {fileID: 0}
    - target: {fileID: 6904600446497722433, guid: fcc6c891c9d064bb69e722158acbeb2e,
        type: 3}
      propertyPath: m_Positions.Array.data[60].x
      value: 1.8071641
      objectReference: {fileID: 0}
    - target: {fileID: 6904600446497722433, guid: fcc6c891c9d064bb69e722158acbeb2e,
        type: 3}
      propertyPath: m_Positions.Array.data[60].y
      value: 9.986559
      objectReference: {fileID: 0}
    - target: {fileID: 6904600446497722433, guid: fcc6c891c9d064bb69e722158acbeb2e,
        type: 3}
      propertyPath: m_Positions.Array.data[60].z
      value: 0.6129961
      objectReference: {fileID: 0}
    - target: {fileID: 6904600446497722433, guid: fcc6c891c9d064bb69e722158acbeb2e,
        type: 3}
      propertyPath: m_Positions.Array.data[61].x
      value: 1.8071641
      objectReference: {fileID: 0}
    - target: {fileID: 6904600446497722433, guid: fcc6c891c9d064bb69e722158acbeb2e,
        type: 3}
      propertyPath: m_Positions.Array.data[61].y
      value: 10.162544
      objectReference: {fileID: 0}
    - target: {fileID: 6904600446497722433, guid: fcc6c891c9d064bb69e722158acbeb2e,
        type: 3}
      propertyPath: m_Positions.Array.data[61].z
      value: 0.3681593
      objectReference: {fileID: 0}
    - target: {fileID: 6904600446497722433, guid: fcc6c891c9d064bb69e722158acbeb2e,
        type: 3}
      propertyPath: m_Positions.Array.data[62].x
      value: 1.8071641
      objectReference: {fileID: 0}
    - target: {fileID: 6904600446497722433, guid: fcc6c891c9d064bb69e722158acbeb2e,
        type: 3}
      propertyPath: m_Positions.Array.data[62].y
      value: 10.338531
      objectReference: {fileID: 0}
    - target: {fileID: 6904600446497722433, guid: fcc6c891c9d064bb69e722158acbeb2e,
        type: 3}
      propertyPath: m_Positions.Array.data[62].z
      value: 0.12332249
      objectReference: {fileID: 0}
    - target: {fileID: 6904600446497722433, guid: fcc6c891c9d064bb69e722158acbeb2e,
        type: 3}
      propertyPath: m_Positions.Array.data[63].x
      value: 1.8071641
      objectReference: {fileID: 0}
    - target: {fileID: 6904600446497722433, guid: fcc6c891c9d064bb69e722158acbeb2e,
        type: 3}
      propertyPath: m_Positions.Array.data[63].y
      value: 10.514516
      objectReference: {fileID: 0}
    - target: {fileID: 6904600446497722433, guid: fcc6c891c9d064bb69e722158acbeb2e,
        type: 3}
      propertyPath: m_Positions.Array.data[63].z
      value: -0.12151337
      objectReference: {fileID: 0}
    - target: {fileID: 6904600446497722433, guid: fcc6c891c9d064bb69e722158acbeb2e,
        type: 3}
      propertyPath: m_Positions.Array.data[64].x
      value: 1.8071641
      objectReference: {fileID: 0}
    - target: {fileID: 6904600446497722433, guid: fcc6c891c9d064bb69e722158acbeb2e,
        type: 3}
      propertyPath: m_Positions.Array.data[64].y
      value: 10.690502
      objectReference: {fileID: 0}
    - target: {fileID: 6904600446497722433, guid: fcc6c891c9d064bb69e722158acbeb2e,
        type: 3}
      propertyPath: m_Positions.Array.data[64].z
      value: -0.36635017
      objectReference: {fileID: 0}
    - target: {fileID: 6904600446497722433, guid: fcc6c891c9d064bb69e722158acbeb2e,
        type: 3}
      propertyPath: m_Positions.Array.data[65].x
      value: 1.8071641
      objectReference: {fileID: 0}
    - target: {fileID: 6904600446497722433, guid: fcc6c891c9d064bb69e722158acbeb2e,
        type: 3}
      propertyPath: m_Positions.Array.data[65].y
      value: 10.8664875
      objectReference: {fileID: 0}
    - target: {fileID: 6904600446497722433, guid: fcc6c891c9d064bb69e722158acbeb2e,
        type: 3}
      propertyPath: m_Positions.Array.data[65].z
      value: -0.611187
      objectReference: {fileID: 0}
    - target: {fileID: 6904600446497722433, guid: fcc6c891c9d064bb69e722158acbeb2e,
        type: 3}
      propertyPath: m_Positions.Array.data[66].x
      value: 1.8071641
      objectReference: {fileID: 0}
    - target: {fileID: 6904600446497722433, guid: fcc6c891c9d064bb69e722158acbeb2e,
        type: 3}
      propertyPath: m_Positions.Array.data[66].y
      value: 11.042473
      objectReference: {fileID: 0}
    - target: {fileID: 6904600446497722433, guid: fcc6c891c9d064bb69e722158acbeb2e,
        type: 3}
      propertyPath: m_Positions.Array.data[66].z
      value: -0.8560238
      objectReference: {fileID: 0}
    - target: {fileID: 6904600446497722433, guid: fcc6c891c9d064bb69e722158acbeb2e,
        type: 3}
      propertyPath: m_Positions.Array.data[67].x
      value: 1.8071641
      objectReference: {fileID: 0}
    - target: {fileID: 6904600446497722433, guid: fcc6c891c9d064bb69e722158acbeb2e,
        type: 3}
      propertyPath: m_Positions.Array.data[67].y
      value: 11.218459
      objectReference: {fileID: 0}
    - target: {fileID: 6904600446497722433, guid: fcc6c891c9d064bb69e722158acbeb2e,
        type: 3}
      propertyPath: m_Positions.Array.data[67].z
      value: -1.1008606
      objectReference: {fileID: 0}
    - target: {fileID: 6904600446497722433, guid: fcc6c891c9d064bb69e722158acbeb2e,
        type: 3}
      propertyPath: m_Positions.Array.data[68].x
      value: 1.8071641
      objectReference: {fileID: 0}
    - target: {fileID: 6904600446497722433, guid: fcc6c891c9d064bb69e722158acbeb2e,
        type: 3}
      propertyPath: m_Positions.Array.data[68].y
      value: 11.3944435
      objectReference: {fileID: 0}
    - target: {fileID: 6904600446497722433, guid: fcc6c891c9d064bb69e722158acbeb2e,
        type: 3}
      propertyPath: m_Positions.Array.data[68].z
      value: -1.3456955
      objectReference: {fileID: 0}
    - target: {fileID: 6904600446497722433, guid: fcc6c891c9d064bb69e722158acbeb2e,
        type: 3}
      propertyPath: m_Positions.Array.data[69].x
      value: 1.8071641
      objectReference: {fileID: 0}
    - target: {fileID: 6904600446497722433, guid: fcc6c891c9d064bb69e722158acbeb2e,
        type: 3}
      propertyPath: m_Positions.Array.data[69].y
      value: 11.57043
      objectReference: {fileID: 0}
    - target: {fileID: 6904600446497722433, guid: fcc6c891c9d064bb69e722158acbeb2e,
        type: 3}
      propertyPath: m_Positions.Array.data[69].z
      value: -1.5905323
      objectReference: {fileID: 0}
    - target: {fileID: 6904600446497722433, guid: fcc6c891c9d064bb69e722158acbeb2e,
        type: 3}
      propertyPath: m_Positions.Array.data[70].x
      value: 1.8071641
      objectReference: {fileID: 0}
    - target: {fileID: 6904600446497722433, guid: fcc6c891c9d064bb69e722158acbeb2e,
        type: 3}
      propertyPath: m_Positions.Array.data[70].y
      value: 11.746415
      objectReference: {fileID: 0}
    - target: {fileID: 6904600446497722433, guid: fcc6c891c9d064bb69e722158acbeb2e,
        type: 3}
      propertyPath: m_Positions.Array.data[70].z
      value: -1.8353691
      objectReference: {fileID: 0}
    - target: {fileID: 6904600446497722433, guid: fcc6c891c9d064bb69e722158acbeb2e,
        type: 3}
      propertyPath: m_Positions.Array.data[71].x
      value: 1.8071641
      objectReference: {fileID: 0}
    - target: {fileID: 6904600446497722433, guid: fcc6c891c9d064bb69e722158acbeb2e,
        type: 3}
      propertyPath: m_Positions.Array.data[71].y
      value: 11.922401
      objectReference: {fileID: 0}
    - target: {fileID: 6904600446497722433, guid: fcc6c891c9d064bb69e722158acbeb2e,
        type: 3}
      propertyPath: m_Positions.Array.data[71].z
      value: -2.080206
      objectReference: {fileID: 0}
    - target: {fileID: 6904600446497722433, guid: fcc6c891c9d064bb69e722158acbeb2e,
        type: 3}
      propertyPath: m_Positions.Array.data[72].x
      value: 1.8071641
      objectReference: {fileID: 0}
    - target: {fileID: 6904600446497722433, guid: fcc6c891c9d064bb69e722158acbeb2e,
        type: 3}
      propertyPath: m_Positions.Array.data[72].y
      value: 12.098385
      objectReference: {fileID: 0}
    - target: {fileID: 6904600446497722433, guid: fcc6c891c9d064bb69e722158acbeb2e,
        type: 3}
      propertyPath: m_Positions.Array.data[72].z
      value: -2.3250418
      objectReference: {fileID: 0}
    - target: {fileID: 6904600446497722433, guid: fcc6c891c9d064bb69e722158acbeb2e,
        type: 3}
      propertyPath: m_Positions.Array.data[73].x
      value: -0.51726437
      objectReference: {fileID: 0}
    - target: {fileID: 6904600446497722433, guid: fcc6c891c9d064bb69e722158acbeb2e,
        type: 3}
      propertyPath: m_Positions.Array.data[73].y
      value: 10.309545
      objectReference: {fileID: 0}
    - target: {fileID: 6904600446497722433, guid: fcc6c891c9d064bb69e722158acbeb2e,
        type: 3}
      propertyPath: m_Positions.Array.data[73].z
      value: 0.1636486
      objectReference: {fileID: 0}
    - target: {fileID: 6904600446497722433, guid: fcc6c891c9d064bb69e722158acbeb2e,
        type: 3}
      propertyPath: m_Positions.Array.data[74].x
      value: -0.35922146
      objectReference: {fileID: 0}
    - target: {fileID: 6904600446497722433, guid: fcc6c891c9d064bb69e722158acbeb2e,
        type: 3}
      propertyPath: m_Positions.Array.data[74].y
      value: 10.458614
      objectReference: {fileID: 0}
    - target: {fileID: 6904600446497722433, guid: fcc6c891c9d064bb69e722158acbeb2e,
        type: 3}
      propertyPath: m_Positions.Array.data[74].z
      value: -0.04374218
      objectReference: {fileID: 0}
    - target: {fileID: 6904600446497722433, guid: fcc6c891c9d064bb69e722158acbeb2e,
        type: 3}
      propertyPath: m_Positions.Array.data[75].x
      value: -0.2011776
      objectReference: {fileID: 0}
    - target: {fileID: 6904600446497722433, guid: fcc6c891c9d064bb69e722158acbeb2e,
        type: 3}
      propertyPath: m_Positions.Array.data[75].y
      value: 10.607685
      objectReference: {fileID: 0}
    - target: {fileID: 6904600446497722433, guid: fcc6c891c9d064bb69e722158acbeb2e,
        type: 3}
      propertyPath: m_Positions.Array.data[75].z
      value: -0.25113297
      objectReference: {fileID: 0}
    - target: {fileID: 6904600446497722433, guid: fcc6c891c9d064bb69e722158acbeb2e,
        type: 3}
      propertyPath: m_Positions.Array.data[76].x
      value: -0.04313469
      objectReference: {fileID: 0}
    - target: {fileID: 6904600446497722433, guid: fcc6c891c9d064bb69e722158acbeb2e,
        type: 3}
      propertyPath: m_Positions.Array.data[76].y
      value: 10.756755
      objectReference: {fileID: 0}
    - target: {fileID: 6904600446497722433, guid: fcc6c891c9d064bb69e722158acbeb2e,
        type: 3}
      propertyPath: m_Positions.Array.data[76].z
      value: -0.4585247
      objectReference: {fileID: 0}
    - target: {fileID: 6904600446497722433, guid: fcc6c891c9d064bb69e722158acbeb2e,
        type: 3}
      propertyPath: m_Positions.Array.data[77].x
      value: 0.11490822
      objectReference: {fileID: 0}
    - target: {fileID: 6904600446497722433, guid: fcc6c891c9d064bb69e722158acbeb2e,
        type: 3}
      propertyPath: m_Positions.Array.data[77].y
      value: 10.905826
      objectReference: {fileID: 0}
    - target: {fileID: 6904600446497722433, guid: fcc6c891c9d064bb69e722158acbeb2e,
        type: 3}
      propertyPath: m_Positions.Array.data[77].z
      value: -0.6659155
      objectReference: {fileID: 0}
    - target: {fileID: 6904600446497722433, guid: fcc6c891c9d064bb69e722158acbeb2e,
        type: 3}
      propertyPath: m_Positions.Array.data[78].x
      value: 0.27295208
      objectReference: {fileID: 0}
    - target: {fileID: 6904600446497722433, guid: fcc6c891c9d064bb69e722158acbeb2e,
        type: 3}
      propertyPath: m_Positions.Array.data[78].y
      value: 11.054895
      objectReference: {fileID: 0}
    - target: {fileID: 6904600446497722433, guid: fcc6c891c9d064bb69e722158acbeb2e,
        type: 3}
      propertyPath: m_Positions.Array.data[78].z
      value: -0.8733063
      objectReference: {fileID: 0}
    - target: {fileID: 6904600446497722433, guid: fcc6c891c9d064bb69e722158acbeb2e,
        type: 3}
      propertyPath: m_Positions.Array.data[79].x
      value: 0.430995
      objectReference: {fileID: 0}
    - target: {fileID: 6904600446497722433, guid: fcc6c891c9d064bb69e722158acbeb2e,
        type: 3}
      propertyPath: m_Positions.Array.data[79].y
      value: 11.203966
      objectReference: {fileID: 0}
    - target: {fileID: 6904600446497722433, guid: fcc6c891c9d064bb69e722158acbeb2e,
        type: 3}
      propertyPath: m_Positions.Array.data[79].z
      value: -1.080698
      objectReference: {fileID: 0}
    - target: {fileID: 6904600446497722433, guid: fcc6c891c9d064bb69e722158acbeb2e,
        type: 3}
      propertyPath: m_Positions.Array.data[80].x
      value: 0.58903885
      objectReference: {fileID: 0}
    - target: {fileID: 6904600446497722433, guid: fcc6c891c9d064bb69e722158acbeb2e,
        type: 3}
      propertyPath: m_Positions.Array.data[80].y
      value: 11.353036
      objectReference: {fileID: 0}
    - target: {fileID: 6904600446497722433, guid: fcc6c891c9d064bb69e722158acbeb2e,
        type: 3}
      propertyPath: m_Positions.Array.data[80].z
      value: -1.2880878
      objectReference: {fileID: 0}
    - target: {fileID: 6904600446497722433, guid: fcc6c891c9d064bb69e722158acbeb2e,
        type: 3}
      propertyPath: m_Positions.Array.data[81].x
      value: 0.74708176
      objectReference: {fileID: 0}
    - target: {fileID: 6904600446497722433, guid: fcc6c891c9d064bb69e722158acbeb2e,
        type: 3}
      propertyPath: m_Positions.Array.data[81].y
      value: 11.502106
      objectReference: {fileID: 0}
    - target: {fileID: 6904600446497722433, guid: fcc6c891c9d064bb69e722158acbeb2e,
        type: 3}
      propertyPath: m_Positions.Array.data[81].z
      value: -1.4954796
      objectReference: {fileID: 0}
    - target: {fileID: 6904600446497722433, guid: fcc6c891c9d064bb69e722158acbeb2e,
        type: 3}
      propertyPath: m_Positions.Array.data[82].x
      value: 0.9051256
      objectReference: {fileID: 0}
    - target: {fileID: 6904600446497722433, guid: fcc6c891c9d064bb69e722158acbeb2e,
        type: 3}
      propertyPath: m_Positions.Array.data[82].y
      value: 11.651176
      objectReference: {fileID: 0}
    - target: {fileID: 6904600446497722433, guid: fcc6c891c9d064bb69e722158acbeb2e,
        type: 3}
      propertyPath: m_Positions.Array.data[82].z
      value: -1.7028694
      objectReference: {fileID: 0}
    - target: {fileID: 6904600446497722433, guid: fcc6c891c9d064bb69e722158acbeb2e,
        type: 3}
      propertyPath: m_Positions.Array.data[83].x
      value: 1.0631685
      objectReference: {fileID: 0}
    - target: {fileID: 6904600446497722433, guid: fcc6c891c9d064bb69e722158acbeb2e,
        type: 3}
      propertyPath: m_Positions.Array.data[83].y
      value: 11.800246
      objectReference: {fileID: 0}
    - target: {fileID: 6904600446497722433, guid: fcc6c891c9d064bb69e722158acbeb2e,
        type: 3}
      propertyPath: m_Positions.Array.data[83].z
      value: -1.9102612
      objectReference: {fileID: 0}
    - target: {fileID: 6904600446497722433, guid: fcc6c891c9d064bb69e722158acbeb2e,
        type: 3}
      propertyPath: m_Positions.Array.data[84].x
      value: 1.2212124
      objectReference: {fileID: 0}
    - target: {fileID: 6904600446497722433, guid: fcc6c891c9d064bb69e722158acbeb2e,
        type: 3}
      propertyPath: m_Positions.Array.data[84].y
      value: 11.949317
      objectReference: {fileID: 0}
    - target: {fileID: 6904600446497722433, guid: fcc6c891c9d064bb69e722158acbeb2e,
        type: 3}
      propertyPath: m_Positions.Array.data[84].z
      value: -2.117651
      objectReference: {fileID: 0}
    - target: {fileID: 6904600446497722433, guid: fcc6c891c9d064bb69e722158acbeb2e,
        type: 3}
      propertyPath: m_Positions.Array.data[85].x
      value: 1.3792535
      objectReference: {fileID: 0}
    - target: {fileID: 6904600446497722433, guid: fcc6c891c9d064bb69e722158acbeb2e,
        type: 3}
      propertyPath: m_Positions.Array.data[85].y
      value: 12.098385
      objectReference: {fileID: 0}
    - target: {fileID: 6904600446497722433, guid: fcc6c891c9d064bb69e722158acbeb2e,
        type: 3}
      propertyPath: m_Positions.Array.data[85].z
      value: -2.3250418
      objectReference: {fileID: 0}
    - target: {fileID: 6904600446497722433, guid: fcc6c891c9d064bb69e722158acbeb2e,
        type: 3}
      propertyPath: m_Positions.Array.data[0].x
      value: -2.960027
      objectReference: {fileID: 0}
    - target: {fileID: 6904600446497722433, guid: fcc6c891c9d064bb69e722158acbeb2e,
        type: 3}
      propertyPath: m_Positions.Array.data[0].y
      value: 0.39
      objectReference: {fileID: 0}
    - target: {fileID: 6904600446497722433, guid: fcc6c891c9d064bb69e722158acbeb2e,
        type: 3}
      propertyPath: m_Positions.Array.data[0].z
      value: -0.05
      objectReference: {fileID: 0}
    - target: {fileID: 530403059, guid: fcc6c891c9d064bb69e722158acbeb2e, type: 3}
      propertyPath: points.Array.size
      value: 3
      objectReference: {fileID: 0}
    - target: {fileID: 530403059, guid: fcc6c891c9d064bb69e722158acbeb2e, type: 3}
      propertyPath: points.Array.data[2]
      value: 
      objectReference: {fileID: 190647272}
    - target: {fileID: 6904600446261027038, guid: fcc6c891c9d064bb69e722158acbeb2e,
        type: 3}
      propertyPath: m_LocalPosition.x
      value: -3.12
      objectReference: {fileID: 0}
    - target: {fileID: 6904600446261027038, guid: fcc6c891c9d064bb69e722158acbeb2e,
        type: 3}
      propertyPath: m_LocalPosition.y
      value: 0
      objectReference: {fileID: 0}
    - target: {fileID: 6904600446261027038, guid: fcc6c891c9d064bb69e722158acbeb2e,
        type: 3}
      propertyPath: m_LocalPosition.z
      value: 0
      objectReference: {fileID: 0}
    - target: {fileID: 6904600447642206013, guid: fcc6c891c9d064bb69e722158acbeb2e,
        type: 3}
      propertyPath: m_LocalPosition.x
      value: -0.72
      objectReference: {fileID: 0}
    - target: {fileID: 6904600447642206013, guid: fcc6c891c9d064bb69e722158acbeb2e,
        type: 3}
      propertyPath: m_LocalPosition.y
      value: 0
      objectReference: {fileID: 0}
    - target: {fileID: 6904600447642206013, guid: fcc6c891c9d064bb69e722158acbeb2e,
        type: 3}
      propertyPath: m_LocalPosition.z
      value: 0
      objectReference: {fileID: 0}
    - target: {fileID: 6904600447642206012, guid: fcc6c891c9d064bb69e722158acbeb2e,
        type: 3}
      propertyPath: m_Name
      value: 2
      objectReference: {fileID: 0}
    m_RemovedComponents:
    - {fileID: 530403059, guid: fcc6c891c9d064bb69e722158acbeb2e, type: 3}
    - {fileID: 3180529018224406332, guid: fcc6c891c9d064bb69e722158acbeb2e, type: 3}
  m_SourcePrefab: {fileID: 100100000, guid: fcc6c891c9d064bb69e722158acbeb2e, type: 3}
--- !u!1 &571027537
GameObject:
  m_ObjectHideFlags: 0
  m_CorrespondingSourceObject: {fileID: 0}
  m_PrefabInstance: {fileID: 0}
  m_PrefabAsset: {fileID: 0}
  serializedVersion: 6
  m_Component:
  - component: {fileID: 571027539}
  - component: {fileID: 571027538}
  m_Layer: 0
  m_Name: Directional Light
  m_TagString: Untagged
  m_Icon: {fileID: 0}
  m_NavMeshLayer: 0
  m_StaticEditorFlags: 0
  m_IsActive: 1
--- !u!108 &571027538
Light:
  m_ObjectHideFlags: 0
  m_CorrespondingSourceObject: {fileID: 0}
  m_PrefabInstance: {fileID: 0}
  m_PrefabAsset: {fileID: 0}
  m_GameObject: {fileID: 571027537}
  m_Enabled: 1
  serializedVersion: 10
  m_Type: 1
  m_Shape: 0
  m_Color: {r: 1, g: 1, b: 1, a: 1}
  m_Intensity: 1
  m_Range: 10
  m_SpotAngle: 30
  m_InnerSpotAngle: 21.80208
  m_CookieSize: 10
  m_Shadows:
    m_Type: 0
    m_Resolution: -1
    m_CustomResolution: -1
    m_Strength: 1
    m_Bias: 0.05
    m_NormalBias: 0.4
    m_NearPlane: 0.2
    m_CullingMatrixOverride:
      e00: 1
      e01: 0
      e02: 0
      e03: 0
      e10: 0
      e11: 1
      e12: 0
      e13: 0
      e20: 0
      e21: 0
      e22: 1
      e23: 0
      e30: 0
      e31: 0
      e32: 0
      e33: 1
    m_UseCullingMatrixOverride: 0
  m_Cookie: {fileID: 0}
  m_DrawHalo: 0
  m_Flare: {fileID: 0}
  m_RenderMode: 0
  m_CullingMask:
    serializedVersion: 2
    m_Bits: 4294967295
  m_RenderingLayerMask: 1
  m_Lightmapping: 4
  m_LightShadowCasterMode: 0
  m_AreaSize: {x: 1, y: 1}
  m_BounceIntensity: 1
  m_ColorTemperature: 6570
  m_UseColorTemperature: 0
  m_BoundingSphereOverride: {x: 0, y: 0, z: 0, w: 0}
  m_UseBoundingSphereOverride: 0
  m_ShadowRadius: 0
  m_ShadowAngle: 0
--- !u!4 &571027539
Transform:
  m_ObjectHideFlags: 0
  m_CorrespondingSourceObject: {fileID: 0}
  m_PrefabInstance: {fileID: 0}
  m_PrefabAsset: {fileID: 0}
  m_GameObject: {fileID: 571027537}
  m_LocalRotation: {x: 0.40821788, y: -0.23456968, z: 0.10938163, w: 0.8754261}
  m_LocalPosition: {x: -6.142962, y: 0.65800095, z: -1.585}
  m_LocalScale: {x: 1, y: 1, z: 1}
  m_Children: []
  m_Father: {fileID: 0}
  m_RootOrder: 5
  m_LocalEulerAnglesHint: {x: 50, y: -30, z: 0}
--- !u!1 &580824617
GameObject:
  m_ObjectHideFlags: 0
  m_CorrespondingSourceObject: {fileID: 0}
  m_PrefabInstance: {fileID: 0}
  m_PrefabAsset: {fileID: 0}
  serializedVersion: 6
  m_Component:
  - component: {fileID: 580824620}
  - component: {fileID: 580824619}
  - component: {fileID: 580824618}
  m_Layer: 0
  m_Name: Camera
  m_TagString: Untagged
  m_Icon: {fileID: 0}
  m_NavMeshLayer: 0
  m_StaticEditorFlags: 0
  m_IsActive: 1
--- !u!81 &580824618
AudioListener:
  m_ObjectHideFlags: 0
  m_CorrespondingSourceObject: {fileID: 0}
  m_PrefabInstance: {fileID: 0}
  m_PrefabAsset: {fileID: 0}
  m_GameObject: {fileID: 580824617}
  m_Enabled: 1
--- !u!20 &580824619
Camera:
  m_ObjectHideFlags: 0
  m_CorrespondingSourceObject: {fileID: 0}
  m_PrefabInstance: {fileID: 0}
  m_PrefabAsset: {fileID: 0}
  m_GameObject: {fileID: 580824617}
  m_Enabled: 1
  serializedVersion: 2
  m_ClearFlags: 1
  m_BackGroundColor: {r: 0.19215687, g: 0.3019608, b: 0.4745098, a: 0}
  m_projectionMatrixMode: 1
  m_GateFitMode: 2
  m_FOVAxisMode: 0
  m_SensorSize: {x: 36, y: 24}
  m_LensShift: {x: 0, y: 0}
  m_FocalLength: 50
  m_NormalizedViewPortRect:
    serializedVersion: 2
    x: 0
    y: 0
    width: 1
    height: 1
  near clip plane: 0.3
  far clip plane: 1000
  field of view: 60
  orthographic: 0
  orthographic size: 5
  m_Depth: 0
  m_CullingMask:
    serializedVersion: 2
    m_Bits: 4294967295
  m_RenderingPath: -1
  m_TargetTexture: {fileID: 0}
  m_TargetDisplay: 0
  m_TargetEye: 3
  m_HDR: 1
  m_AllowMSAA: 1
  m_AllowDynamicResolution: 0
  m_ForceIntoRT: 0
  m_OcclusionCulling: 1
  m_StereoConvergence: 10
  m_StereoSeparation: 0.022
--- !u!4 &580824620
Transform:
  m_ObjectHideFlags: 0
  m_CorrespondingSourceObject: {fileID: 0}
  m_PrefabInstance: {fileID: 0}
  m_PrefabAsset: {fileID: 0}
  m_GameObject: {fileID: 580824617}
  m_LocalRotation: {x: 0, y: 0, z: 0, w: 1}
  m_LocalPosition: {x: -0.4, y: 0.66, z: -10}
  m_LocalScale: {x: 1, y: 1, z: 1}
  m_Children: []
  m_Father: {fileID: 0}
  m_RootOrder: 4
  m_LocalEulerAnglesHint: {x: 0, y: 0, z: 0}
--- !u!1 &631084079
GameObject:
  m_ObjectHideFlags: 0
  m_CorrespondingSourceObject: {fileID: 0}
  m_PrefabInstance: {fileID: 0}
  m_PrefabAsset: {fileID: 0}
  serializedVersion: 6
  m_Component:
  - component: {fileID: 631084080}
  - component: {fileID: 631084083}
  - component: {fileID: 631084082}
  - component: {fileID: 631084081}
  m_Layer: 0
  m_Name: l
  m_TagString: Untagged
  m_Icon: {fileID: 0}
  m_NavMeshLayer: 0
  m_StaticEditorFlags: 0
  m_IsActive: 1
--- !u!4 &631084080
Transform:
  m_ObjectHideFlags: 0
  m_CorrespondingSourceObject: {fileID: 0}
  m_PrefabInstance: {fileID: 0}
  m_PrefabAsset: {fileID: 0}
  m_GameObject: {fileID: 631084079}
  m_LocalRotation: {x: 0, y: 0, z: 0, w: 1}
  m_LocalPosition: {x: -0.832, y: 0, z: 0}
  m_LocalScale: {x: 0.22828, y: 0.21493, z: 0.21411}
  m_Children: []
  m_Father: {fileID: 938700684}
  m_RootOrder: 1
  m_LocalEulerAnglesHint: {x: 0, y: 0, z: 0}
--- !u!50 &631084081
Rigidbody2D:
  serializedVersion: 4
  m_ObjectHideFlags: 0
  m_CorrespondingSourceObject: {fileID: 0}
  m_PrefabInstance: {fileID: 0}
  m_PrefabAsset: {fileID: 0}
  m_GameObject: {fileID: 631084079}
  m_BodyType: 0
  m_Simulated: 1
  m_UseFullKinematicContacts: 0
  m_UseAutoMass: 0
  m_Mass: 1
  m_LinearDrag: 0
  m_AngularDrag: 0.05
  m_GravityScale: 0
  m_Material: {fileID: 0}
  m_Interpolate: 0
  m_SleepingMode: 1
  m_CollisionDetection: 0
  m_Constraints: 0
--- !u!23 &631084082
MeshRenderer:
  m_ObjectHideFlags: 0
  m_CorrespondingSourceObject: {fileID: 0}
  m_PrefabInstance: {fileID: 0}
  m_PrefabAsset: {fileID: 0}
  m_GameObject: {fileID: 631084079}
  m_Enabled: 1
  m_CastShadows: 1
  m_ReceiveShadows: 1
  m_DynamicOccludee: 1
  m_MotionVectors: 1
  m_LightProbeUsage: 1
  m_ReflectionProbeUsage: 1
  m_RayTracingMode: 2
  m_RenderingLayerMask: 1
  m_RendererPriority: 0
  m_Materials:
  - {fileID: 10303, guid: 0000000000000000f000000000000000, type: 0}
  m_StaticBatchInfo:
    firstSubMesh: 0
    subMeshCount: 0
  m_StaticBatchRoot: {fileID: 0}
  m_ProbeAnchor: {fileID: 0}
  m_LightProbeVolumeOverride: {fileID: 0}
  m_ScaleInLightmap: 1
  m_ReceiveGI: 1
  m_PreserveUVs: 0
  m_IgnoreNormalsForChartDetection: 0
  m_ImportantGI: 0
  m_StitchLightmapSeams: 1
  m_SelectedEditorRenderState: 3
  m_MinimumChartSize: 4
  m_AutoUVMaxDistance: 0.5
  m_AutoUVMaxAngle: 89
  m_LightmapParameters: {fileID: 0}
  m_SortingLayerID: 0
  m_SortingLayer: 0
  m_SortingOrder: 0
--- !u!33 &631084083
MeshFilter:
  m_ObjectHideFlags: 0
  m_CorrespondingSourceObject: {fileID: 0}
  m_PrefabInstance: {fileID: 0}
  m_PrefabAsset: {fileID: 0}
  m_GameObject: {fileID: 631084079}
  m_Mesh: {fileID: 10202, guid: 0000000000000000e000000000000000, type: 0}
--- !u!1 &908984940
GameObject:
  m_ObjectHideFlags: 0
  m_CorrespondingSourceObject: {fileID: 0}
  m_PrefabInstance: {fileID: 0}
  m_PrefabAsset: {fileID: 0}
  serializedVersion: 6
  m_Component:
  - component: {fileID: 908984941}
  - component: {fileID: 908984944}
  - component: {fileID: 908984943}
  - component: {fileID: 908984942}
  m_Layer: 0
  m_Name: r
  m_TagString: Untagged
  m_Icon: {fileID: 0}
  m_NavMeshLayer: 0
  m_StaticEditorFlags: 0
  m_IsActive: 1
--- !u!4 &908984941
Transform:
  m_ObjectHideFlags: 0
  m_CorrespondingSourceObject: {fileID: 0}
  m_PrefabInstance: {fileID: 0}
  m_PrefabAsset: {fileID: 0}
  m_GameObject: {fileID: 908984940}
  m_LocalRotation: {x: 0, y: 0, z: 0, w: 1}
  m_LocalPosition: {x: 0.745, y: 0, z: 0}
  m_LocalScale: {x: 0.22828, y: 0.21493, z: 0.21411}
  m_Children: []
  m_Father: {fileID: 938700684}
  m_RootOrder: 2
  m_LocalEulerAnglesHint: {x: 0, y: 0, z: 0}
--- !u!50 &908984942
Rigidbody2D:
  serializedVersion: 4
  m_ObjectHideFlags: 0
  m_CorrespondingSourceObject: {fileID: 0}
  m_PrefabInstance: {fileID: 0}
  m_PrefabAsset: {fileID: 0}
  m_GameObject: {fileID: 908984940}
  m_BodyType: 0
  m_Simulated: 1
  m_UseFullKinematicContacts: 0
  m_UseAutoMass: 0
  m_Mass: 1
  m_LinearDrag: 0
  m_AngularDrag: 0.05
  m_GravityScale: 0
  m_Material: {fileID: 0}
  m_Interpolate: 0
  m_SleepingMode: 1
  m_CollisionDetection: 0
  m_Constraints: 0
--- !u!23 &908984943
MeshRenderer:
  m_ObjectHideFlags: 0
  m_CorrespondingSourceObject: {fileID: 0}
  m_PrefabInstance: {fileID: 0}
  m_PrefabAsset: {fileID: 0}
  m_GameObject: {fileID: 908984940}
  m_Enabled: 1
  m_CastShadows: 1
  m_ReceiveShadows: 1
  m_DynamicOccludee: 1
  m_MotionVectors: 1
  m_LightProbeUsage: 1
  m_ReflectionProbeUsage: 1
  m_RayTracingMode: 2
  m_RenderingLayerMask: 1
  m_RendererPriority: 0
  m_Materials:
  - {fileID: 10303, guid: 0000000000000000f000000000000000, type: 0}
  m_StaticBatchInfo:
    firstSubMesh: 0
    subMeshCount: 0
  m_StaticBatchRoot: {fileID: 0}
  m_ProbeAnchor: {fileID: 0}
  m_LightProbeVolumeOverride: {fileID: 0}
  m_ScaleInLightmap: 1
  m_ReceiveGI: 1
  m_PreserveUVs: 0
  m_IgnoreNormalsForChartDetection: 0
  m_ImportantGI: 0
  m_StitchLightmapSeams: 1
  m_SelectedEditorRenderState: 3
  m_MinimumChartSize: 4
  m_AutoUVMaxDistance: 0.5
  m_AutoUVMaxAngle: 89
  m_LightmapParameters: {fileID: 0}
  m_SortingLayerID: 0
  m_SortingLayer: 0
  m_SortingOrder: 0
--- !u!33 &908984944
MeshFilter:
  m_ObjectHideFlags: 0
  m_CorrespondingSourceObject: {fileID: 0}
  m_PrefabInstance: {fileID: 0}
  m_PrefabAsset: {fileID: 0}
  m_GameObject: {fileID: 908984940}
  m_Mesh: {fileID: 10202, guid: 0000000000000000e000000000000000, type: 0}
--- !u!1 &938700683
GameObject:
  m_ObjectHideFlags: 0
  m_CorrespondingSourceObject: {fileID: 0}
  m_PrefabInstance: {fileID: 0}
  m_PrefabAsset: {fileID: 0}
  serializedVersion: 6
  m_Component:
  - component: {fileID: 938700684}
  m_Layer: 0
  m_Name: bendyboy
  m_TagString: Untagged
  m_Icon: {fileID: 0}
  m_NavMeshLayer: 0
  m_StaticEditorFlags: 0
  m_IsActive: 0
--- !u!4 &938700684
Transform:
  m_ObjectHideFlags: 0
  m_CorrespondingSourceObject: {fileID: 0}
  m_PrefabInstance: {fileID: 0}
  m_PrefabAsset: {fileID: 0}
  m_GameObject: {fileID: 938700683}
  m_LocalRotation: {x: 0, y: 0, z: 0, w: 1}
  m_LocalPosition: {x: -0.995, y: 0.639, z: 0.07}
  m_LocalScale: {x: 1, y: 1, z: 1}
  m_Children:
  - {fileID: 1924626568}
  - {fileID: 631084080}
  - {fileID: 908984941}
  m_Father: {fileID: 0}
  m_RootOrder: 2
  m_LocalEulerAnglesHint: {x: 0, y: 0, z: 0}
--- !u!1 &992751979 stripped
GameObject:
  m_CorrespondingSourceObject: {fileID: 6904600447642206012, guid: fcc6c891c9d064bb69e722158acbeb2e,
    type: 3}
  m_PrefabInstance: {fileID: 218000911}
  m_PrefabAsset: {fileID: 0}
--- !u!54 &992751980
Rigidbody:
  m_ObjectHideFlags: 0
  m_CorrespondingSourceObject: {fileID: 0}
  m_PrefabInstance: {fileID: 0}
  m_PrefabAsset: {fileID: 0}
  m_GameObject: {fileID: 992751979}
  serializedVersion: 2
  m_Mass: 1
  m_Drag: 0
  m_AngularDrag: 0.05
  m_UseGravity: 0
  m_IsKinematic: 0
  m_Interpolate: 0
  m_Constraints: 0
  m_CollisionDetection: 0
--- !u!145 &992751983
SpringJoint:
  m_ObjectHideFlags: 0
  m_CorrespondingSourceObject: {fileID: 0}
  m_PrefabInstance: {fileID: 0}
  m_PrefabAsset: {fileID: 0}
  m_GameObject: {fileID: 992751979}
  m_ConnectedBody: {fileID: 190647271}
  m_Anchor: {x: 0, y: 0, z: 0}
  m_AutoConfigureConnectedAnchor: 1
  m_ConnectedAnchor: {x: -2.45, y: 0, z: 0}
  serializedVersion: 2
  m_Spring: 10
  m_Damper: 0.2
  m_MinDistance: 0
  m_MaxDistance: 0
  m_Tolerance: 0.025
  m_BreakForce: Infinity
  m_BreakTorque: Infinity
  m_EnableCollision: 0
  m_EnablePreprocessing: 1
  m_MassScale: 1
  m_ConnectedMassScale: 1
--- !u!1 &1088098649
GameObject:
  m_ObjectHideFlags: 0
  m_CorrespondingSourceObject: {fileID: 0}
  m_PrefabInstance: {fileID: 0}
  m_PrefabAsset: {fileID: 0}
  serializedVersion: 6
  m_Component:
  - component: {fileID: 1088098656}
  - component: {fileID: 1088098655}
  - component: {fileID: 1088098654}
  - component: {fileID: 1088098653}
  - component: {fileID: 1088098652}
  - component: {fileID: 1088098651}
  m_Layer: 0
  m_Name: p1
  m_TagString: Untagged
  m_Icon: {fileID: 0}
  m_NavMeshLayer: 0
  m_StaticEditorFlags: 0
  m_IsActive: 1
--- !u!54 &1088098651
Rigidbody:
  m_ObjectHideFlags: 0
  m_CorrespondingSourceObject: {fileID: 0}
  m_PrefabInstance: {fileID: 0}
  m_PrefabAsset: {fileID: 0}
  m_GameObject: {fileID: 1088098649}
  serializedVersion: 2
  m_Mass: 1
  m_Drag: 0
  m_AngularDrag: 0.05
  m_UseGravity: 0
  m_IsKinematic: 0
  m_Interpolate: 0
  m_Constraints: 0
  m_CollisionDetection: 3
--- !u!143 &1088098652
CharacterController:
  m_ObjectHideFlags: 0
  m_CorrespondingSourceObject: {fileID: 0}
  m_PrefabInstance: {fileID: 0}
  m_PrefabAsset: {fileID: 0}
  m_GameObject: {fileID: 1088098649}
  m_Material: {fileID: 0}
  m_IsTrigger: 0
  m_Enabled: 1
  serializedVersion: 2
  m_Height: 1
  m_Radius: 0.5
  m_SlopeLimit: 45
  m_StepOffset: 0.3
  m_SkinWidth: 0.08
  m_MinMoveDistance: 0.001
  m_Center: {x: 0, y: 0, z: 0}
--- !u!114 &1088098653
MonoBehaviour:
  m_ObjectHideFlags: 0
  m_CorrespondingSourceObject: {fileID: 0}
  m_PrefabInstance: {fileID: 0}
  m_PrefabAsset: {fileID: 0}
  m_GameObject: {fileID: 1088098649}
  m_Enabled: 1
  m_EditorHideFlags: 0
  m_Script: {fileID: 11500000, guid: 083ec4cc90c404a818061af16a4d3785, type: 3}
  m_Name: 
  m_EditorClassIdentifier: 
  playerType: 0
  _speed: 1
  handle: {fileID: 1209663628}
--- !u!23 &1088098654
MeshRenderer:
  m_ObjectHideFlags: 0
  m_CorrespondingSourceObject: {fileID: 0}
  m_PrefabInstance: {fileID: 0}
  m_PrefabAsset: {fileID: 0}
  m_GameObject: {fileID: 1088098649}
  m_Enabled: 1
  m_CastShadows: 1
  m_ReceiveShadows: 1
  m_DynamicOccludee: 1
  m_MotionVectors: 1
  m_LightProbeUsage: 1
  m_ReflectionProbeUsage: 1
  m_RayTracingMode: 2
  m_RenderingLayerMask: 1
  m_RendererPriority: 0
  m_Materials:
  - {fileID: 10303, guid: 0000000000000000f000000000000000, type: 0}
  m_StaticBatchInfo:
    firstSubMesh: 0
    subMeshCount: 0
  m_StaticBatchRoot: {fileID: 0}
  m_ProbeAnchor: {fileID: 0}
  m_LightProbeVolumeOverride: {fileID: 0}
  m_ScaleInLightmap: 1
  m_ReceiveGI: 1
  m_PreserveUVs: 0
  m_IgnoreNormalsForChartDetection: 0
  m_ImportantGI: 0
  m_StitchLightmapSeams: 1
  m_SelectedEditorRenderState: 3
  m_MinimumChartSize: 4
  m_AutoUVMaxDistance: 0.5
  m_AutoUVMaxAngle: 89
  m_LightmapParameters: {fileID: 0}
  m_SortingLayerID: 0
  m_SortingLayer: 0
  m_SortingOrder: 0
--- !u!33 &1088098655
MeshFilter:
  m_ObjectHideFlags: 0
  m_CorrespondingSourceObject: {fileID: 0}
  m_PrefabInstance: {fileID: 0}
  m_PrefabAsset: {fileID: 0}
  m_GameObject: {fileID: 1088098649}
  m_Mesh: {fileID: 10202, guid: 0000000000000000e000000000000000, type: 0}
--- !u!4 &1088098656
Transform:
  m_ObjectHideFlags: 0
  m_CorrespondingSourceObject: {fileID: 0}
  m_PrefabInstance: {fileID: 0}
  m_PrefabAsset: {fileID: 0}
  m_GameObject: {fileID: 1088098649}
  m_LocalRotation: {x: 0, y: 0, z: 0, w: 1}
  m_LocalPosition: {x: -3.43, y: 0.47, z: 0}
  m_LocalScale: {x: 1, y: 1, z: 1}
  m_Children: []
  m_Father: {fileID: 0}
  m_RootOrder: 1
  m_LocalEulerAnglesHint: {x: 0, y: 0, z: 0}
--- !u!1 &1167691656
GameObject:
  m_ObjectHideFlags: 0
  m_CorrespondingSourceObject: {fileID: 0}
  m_PrefabInstance: {fileID: 0}
  m_PrefabAsset: {fileID: 0}
  serializedVersion: 6
  m_Component:
  - component: {fileID: 1167691661}
  - component: {fileID: 1167691660}
  - component: {fileID: 1167691659}
  - component: {fileID: 1167691658}
  - component: {fileID: 1167691657}
  m_Layer: 0
  m_Name: floor
  m_TagString: Untagged
  m_Icon: {fileID: 0}
  m_NavMeshLayer: 0
  m_StaticEditorFlags: 0
  m_IsActive: 1
--- !u!65 &1167691657
BoxCollider:
  m_ObjectHideFlags: 0
  m_CorrespondingSourceObject: {fileID: 0}
  m_PrefabInstance: {fileID: 0}
  m_PrefabAsset: {fileID: 0}
  m_GameObject: {fileID: 1167691656}
  m_Material: {fileID: 0}
  m_IsTrigger: 0
  m_Enabled: 1
  serializedVersion: 2
  m_Size: {x: 1, y: 1, z: 1}
  m_Center: {x: 0, y: 0, z: 0}
--- !u!54 &1167691658
Rigidbody:
  m_ObjectHideFlags: 0
  m_CorrespondingSourceObject: {fileID: 0}
  m_PrefabInstance: {fileID: 0}
  m_PrefabAsset: {fileID: 0}
  m_GameObject: {fileID: 1167691656}
  serializedVersion: 2
  m_Mass: 1
  m_Drag: 0
  m_AngularDrag: 0.05
  m_UseGravity: 0
  m_IsKinematic: 0
  m_Interpolate: 0
  m_Constraints: 126
  m_CollisionDetection: 0
--- !u!23 &1167691659
MeshRenderer:
  m_ObjectHideFlags: 0
  m_CorrespondingSourceObject: {fileID: 0}
  m_PrefabInstance: {fileID: 0}
  m_PrefabAsset: {fileID: 0}
  m_GameObject: {fileID: 1167691656}
  m_Enabled: 1
  m_CastShadows: 1
  m_ReceiveShadows: 1
  m_DynamicOccludee: 1
  m_MotionVectors: 1
  m_LightProbeUsage: 1
  m_ReflectionProbeUsage: 1
  m_RayTracingMode: 2
  m_RenderingLayerMask: 1
  m_RendererPriority: 0
  m_Materials:
  - {fileID: 10303, guid: 0000000000000000f000000000000000, type: 0}
  m_StaticBatchInfo:
    firstSubMesh: 0
    subMeshCount: 0
  m_StaticBatchRoot: {fileID: 0}
  m_ProbeAnchor: {fileID: 0}
  m_LightProbeVolumeOverride: {fileID: 0}
  m_ScaleInLightmap: 1
  m_ReceiveGI: 1
  m_PreserveUVs: 0
  m_IgnoreNormalsForChartDetection: 0
  m_ImportantGI: 0
  m_StitchLightmapSeams: 1
  m_SelectedEditorRenderState: 3
  m_MinimumChartSize: 4
  m_AutoUVMaxDistance: 0.5
  m_AutoUVMaxAngle: 89
  m_LightmapParameters: {fileID: 0}
  m_SortingLayerID: 0
  m_SortingLayer: 0
  m_SortingOrder: 0
--- !u!33 &1167691660
MeshFilter:
  m_ObjectHideFlags: 0
  m_CorrespondingSourceObject: {fileID: 0}
  m_PrefabInstance: {fileID: 0}
  m_PrefabAsset: {fileID: 0}
  m_GameObject: {fileID: 1167691656}
  m_Mesh: {fileID: 10202, guid: 0000000000000000e000000000000000, type: 0}
--- !u!4 &1167691661
Transform:
  m_ObjectHideFlags: 0
  m_CorrespondingSourceObject: {fileID: 0}
  m_PrefabInstance: {fileID: 0}
  m_PrefabAsset: {fileID: 0}
  m_GameObject: {fileID: 1167691656}
  m_LocalRotation: {x: 0, y: 0, z: 0, w: 1}
  m_LocalPosition: {x: 0, y: -1.51, z: 0}
  m_LocalScale: {x: 20.008, y: 2.5877, z: 1}
  m_Children: []
  m_Father: {fileID: 0}
  m_RootOrder: 0
  m_LocalEulerAnglesHint: {x: 0, y: 0, z: 0}
--- !u!1 &1209663627 stripped
GameObject:
  m_CorrespondingSourceObject: {fileID: 6904600446261027037, guid: fcc6c891c9d064bb69e722158acbeb2e,
    type: 3}
  m_PrefabInstance: {fileID: 218000911}
  m_PrefabAsset: {fileID: 0}
--- !u!4 &1209663628 stripped
Transform:
  m_CorrespondingSourceObject: {fileID: 6904600446261027038, guid: fcc6c891c9d064bb69e722158acbeb2e,
    type: 3}
  m_PrefabInstance: {fileID: 218000911}
  m_PrefabAsset: {fileID: 0}
--- !u!145 &1209663629
SpringJoint:
  m_ObjectHideFlags: 0
  m_CorrespondingSourceObject: {fileID: 0}
  m_PrefabInstance: {fileID: 0}
  m_PrefabAsset: {fileID: 0}
  m_GameObject: {fileID: 1209663627}
  m_ConnectedBody: {fileID: 992751980}
  m_Anchor: {x: 0, y: 0, z: 0}
  m_AutoConfigureConnectedAnchor: 1
  m_ConnectedAnchor: {x: -2.3999999, y: 0, z: 0}
  serializedVersion: 2
  m_Spring: 10
  m_Damper: 0.2
  m_MinDistance: 0
  m_MaxDistance: 0
  m_Tolerance: 0.025
  m_BreakForce: Infinity
  m_BreakTorque: Infinity
  m_EnableCollision: 0
  m_EnablePreprocessing: 1
  m_MassScale: 1
  m_ConnectedMassScale: 1
--- !u!54 &1209663630
Rigidbody:
  m_ObjectHideFlags: 0
  m_CorrespondingSourceObject: {fileID: 0}
  m_PrefabInstance: {fileID: 0}
  m_PrefabAsset: {fileID: 0}
  m_GameObject: {fileID: 1209663627}
  serializedVersion: 2
  m_Mass: 1
  m_Drag: 0
  m_AngularDrag: 0.05
  m_UseGravity: 0
  m_IsKinematic: 0
  m_Interpolate: 0
  m_Constraints: 0
  m_CollisionDetection: 0
--- !u!1 &1546019040
GameObject:
  m_ObjectHideFlags: 0
  m_CorrespondingSourceObject: {fileID: 0}
  m_PrefabInstance: {fileID: 0}
  m_PrefabAsset: {fileID: 0}
  serializedVersion: 6
  m_Component:
  - component: {fileID: 1546019047}
  - component: {fileID: 1546019046}
  - component: {fileID: 1546019045}
  - component: {fileID: 1546019044}
  - component: {fileID: 1546019043}
  - component: {fileID: 1546019042}
  m_Layer: 0
  m_Name: p2
  m_TagString: Untagged
  m_Icon: {fileID: 0}
  m_NavMeshLayer: 0
  m_StaticEditorFlags: 0
  m_IsActive: 1
--- !u!54 &1546019042
Rigidbody:
  m_ObjectHideFlags: 0
  m_CorrespondingSourceObject: {fileID: 0}
  m_PrefabInstance: {fileID: 0}
  m_PrefabAsset: {fileID: 0}
  m_GameObject: {fileID: 1546019040}
  serializedVersion: 2
  m_Mass: 1
  m_Drag: 0
  m_AngularDrag: 0.05
  m_UseGravity: 0
  m_IsKinematic: 0
  m_Interpolate: 0
  m_Constraints: 0
  m_CollisionDetection: 3
--- !u!143 &1546019043
CharacterController:
  m_ObjectHideFlags: 0
  m_CorrespondingSourceObject: {fileID: 0}
  m_PrefabInstance: {fileID: 0}
  m_PrefabAsset: {fileID: 0}
  m_GameObject: {fileID: 1546019040}
  m_Material: {fileID: 0}
  m_IsTrigger: 0
  m_Enabled: 1
  serializedVersion: 2
  m_Height: 1
  m_Radius: 0.5
  m_SlopeLimit: 45
  m_StepOffset: 0.3
  m_SkinWidth: 0.08
  m_MinMoveDistance: 0.001
  m_Center: {x: 0, y: 0, z: 0}
--- !u!114 &1546019044
MonoBehaviour:
  m_ObjectHideFlags: 0
  m_CorrespondingSourceObject: {fileID: 0}
  m_PrefabInstance: {fileID: 0}
  m_PrefabAsset: {fileID: 0}
  m_GameObject: {fileID: 1546019040}
  m_Enabled: 1
  m_EditorHideFlags: 0
  m_Script: {fileID: 11500000, guid: 083ec4cc90c404a818061af16a4d3785, type: 3}
  m_Name: 
  m_EditorClassIdentifier: 
  playerType: 1
  _speed: 1
  handle: {fileID: 190647269}
--- !u!23 &1546019045
MeshRenderer:
  m_ObjectHideFlags: 0
  m_CorrespondingSourceObject: {fileID: 0}
  m_PrefabInstance: {fileID: 0}
  m_PrefabAsset: {fileID: 0}
  m_GameObject: {fileID: 1546019040}
  m_Enabled: 1
  m_CastShadows: 1
  m_ReceiveShadows: 1
  m_DynamicOccludee: 1
  m_MotionVectors: 1
  m_LightProbeUsage: 1
  m_ReflectionProbeUsage: 1
  m_RayTracingMode: 2
  m_RenderingLayerMask: 1
  m_RendererPriority: 0
  m_Materials:
  - {fileID: 10303, guid: 0000000000000000f000000000000000, type: 0}
  m_StaticBatchInfo:
    firstSubMesh: 0
    subMeshCount: 0
  m_StaticBatchRoot: {fileID: 0}
  m_ProbeAnchor: {fileID: 0}
  m_LightProbeVolumeOverride: {fileID: 0}
  m_ScaleInLightmap: 1
  m_ReceiveGI: 1
  m_PreserveUVs: 0
  m_IgnoreNormalsForChartDetection: 0
  m_ImportantGI: 0
  m_StitchLightmapSeams: 1
  m_SelectedEditorRenderState: 3
  m_MinimumChartSize: 4
  m_AutoUVMaxDistance: 0.5
  m_AutoUVMaxAngle: 89
  m_LightmapParameters: {fileID: 0}
  m_SortingLayerID: 0
  m_SortingLayer: 0
  m_SortingOrder: 0
--- !u!33 &1546019046
MeshFilter:
  m_ObjectHideFlags: 0
  m_CorrespondingSourceObject: {fileID: 0}
  m_PrefabInstance: {fileID: 0}
  m_PrefabAsset: {fileID: 0}
  m_GameObject: {fileID: 1546019040}
  m_Mesh: {fileID: 10202, guid: 0000000000000000e000000000000000, type: 0}
--- !u!4 &1546019047
Transform:
  m_ObjectHideFlags: 0
  m_CorrespondingSourceObject: {fileID: 0}
  m_PrefabInstance: {fileID: 0}
  m_PrefabAsset: {fileID: 0}
  m_GameObject: {fileID: 1546019040}
  m_LocalRotation: {x: 0, y: 0, z: 0, w: 1}
  m_LocalPosition: {x: 2.1, y: 0.47, z: 0}
  m_LocalScale: {x: 1, y: 1, z: 1}
  m_Children: []
  m_Father: {fileID: 0}
  m_RootOrder: 3
  m_LocalEulerAnglesHint: {x: 0, y: 0, z: 0}
--- !u!4 &1864830827 stripped
Transform:
  m_CorrespondingSourceObject: {fileID: 6904600446497722434, guid: fcc6c891c9d064bb69e722158acbeb2e,
    type: 3}
  m_PrefabInstance: {fileID: 218000911}
  m_PrefabAsset: {fileID: 0}
--- !u!1 &1924626567
GameObject:
  m_ObjectHideFlags: 0
  m_CorrespondingSourceObject: {fileID: 0}
  m_PrefabInstance: {fileID: 0}
  m_PrefabAsset: {fileID: 0}
  serializedVersion: 6
  m_Component:
  - component: {fileID: 1924626568}
  - component: {fileID: 1924626571}
  - component: {fileID: 1924626570}
  - component: {fileID: 1924626573}
  - component: {fileID: 1924626572}
  - component: {fileID: 1924626569}
  m_Layer: 0
  m_Name: joint
  m_TagString: Untagged
  m_Icon: {fileID: 0}
  m_NavMeshLayer: 0
  m_StaticEditorFlags: 0
  m_IsActive: 1
--- !u!4 &1924626568
Transform:
  m_ObjectHideFlags: 0
  m_CorrespondingSourceObject: {fileID: 0}
  m_PrefabInstance: {fileID: 0}
  m_PrefabAsset: {fileID: 0}
  m_GameObject: {fileID: 1924626567}
  m_LocalRotation: {x: 0, y: 0, z: 0, w: 1}
  m_LocalPosition: {x: 0, y: 0, z: 0}
  m_LocalScale: {x: 1, y: 0.21493, z: 0.21411}
  m_Children: []
  m_Father: {fileID: 938700684}
  m_RootOrder: 0
  m_LocalEulerAnglesHint: {x: 0, y: 0, z: 0}
--- !u!254 &1924626569
RelativeJoint2D:
  m_ObjectHideFlags: 0
  m_CorrespondingSourceObject: {fileID: 0}
  m_PrefabInstance: {fileID: 0}
  m_PrefabAsset: {fileID: 0}
  m_GameObject: {fileID: 1924626567}
  m_Enabled: 1
  serializedVersion: 4
  m_EnableCollision: 0
  m_ConnectedRigidBody: {fileID: 908984942}
  m_BreakForce: Infinity
  m_BreakTorque: Infinity
  m_MaxForce: 10000
  m_MaxTorque: 10000
  m_CorrectionScale: 0.3
  m_AutoConfigureOffset: 1
  m_LinearOffset: {x: 0.745, y: 0}
  m_AngularOffset: 0
--- !u!23 &1924626570
MeshRenderer:
  m_ObjectHideFlags: 0
  m_CorrespondingSourceObject: {fileID: 0}
  m_PrefabInstance: {fileID: 0}
  m_PrefabAsset: {fileID: 0}
  m_GameObject: {fileID: 1924626567}
  m_Enabled: 1
  m_CastShadows: 1
  m_ReceiveShadows: 1
  m_DynamicOccludee: 1
  m_MotionVectors: 1
  m_LightProbeUsage: 1
  m_ReflectionProbeUsage: 1
  m_RayTracingMode: 2
  m_RenderingLayerMask: 1
  m_RendererPriority: 0
  m_Materials:
  - {fileID: 10303, guid: 0000000000000000f000000000000000, type: 0}
  m_StaticBatchInfo:
    firstSubMesh: 0
    subMeshCount: 0
  m_StaticBatchRoot: {fileID: 0}
  m_ProbeAnchor: {fileID: 0}
  m_LightProbeVolumeOverride: {fileID: 0}
  m_ScaleInLightmap: 1
  m_ReceiveGI: 1
  m_PreserveUVs: 0
  m_IgnoreNormalsForChartDetection: 0
  m_ImportantGI: 0
  m_StitchLightmapSeams: 1
  m_SelectedEditorRenderState: 3
  m_MinimumChartSize: 4
  m_AutoUVMaxDistance: 0.5
  m_AutoUVMaxAngle: 89
  m_LightmapParameters: {fileID: 0}
  m_SortingLayerID: 0
  m_SortingLayer: 0
  m_SortingOrder: 0
--- !u!33 &1924626571
MeshFilter:
  m_ObjectHideFlags: 0
  m_CorrespondingSourceObject: {fileID: 0}
  m_PrefabInstance: {fileID: 0}
  m_PrefabAsset: {fileID: 0}
  m_GameObject: {fileID: 1924626567}
  m_Mesh: {fileID: 10202, guid: 0000000000000000e000000000000000, type: 0}
--- !u!254 &1924626572
RelativeJoint2D:
  m_ObjectHideFlags: 0
  m_CorrespondingSourceObject: {fileID: 0}
  m_PrefabInstance: {fileID: 0}
  m_PrefabAsset: {fileID: 0}
  m_GameObject: {fileID: 1924626567}
  m_Enabled: 1
  serializedVersion: 4
  m_EnableCollision: 0
  m_ConnectedRigidBody: {fileID: 631084081}
  m_BreakForce: Infinity
  m_BreakTorque: Infinity
  m_MaxForce: 10000
  m_MaxTorque: 10000
  m_CorrectionScale: 0.3
  m_AutoConfigureOffset: 1
  m_LinearOffset: {x: -0.832, y: 0}
  m_AngularOffset: 0
--- !u!50 &1924626573
Rigidbody2D:
  serializedVersion: 4
  m_ObjectHideFlags: 0
  m_CorrespondingSourceObject: {fileID: 0}
  m_PrefabInstance: {fileID: 0}
  m_PrefabAsset: {fileID: 0}
  m_GameObject: {fileID: 1924626567}
  m_BodyType: 0
  m_Simulated: 1
  m_UseFullKinematicContacts: 0
  m_UseAutoMass: 0
  m_Mass: 1
  m_LinearDrag: 0
  m_AngularDrag: 0.05
  m_GravityScale: 0
  m_Material: {fileID: 0}
  m_Interpolate: 0
  m_SleepingMode: 1
  m_CollisionDetection: 0
  m_Constraints: 0
